3384 5100
240 473 408 536 ,20

362 634 626 722 θελήσαντος,
655 637 782 725 ταύτην
812 636 930 725 έκεένῳ
960 634 1112 723 ἐπιτάξαι
1141 635 1203 707 τὸν
1233 636 1489 727 καθηγούμενον

362 744 435 807 τῶν
456 744 558 807 θεῶν.
597 735 683 808 ὅθεν
703 733 824 809 αὐτίκα
845 736 909 809 τὸν
931 744 1165 831 δεδηλωμένον
1180 744 1350 826 στέφανον
1364 743 1395 830 (i.
1411 770 1436 811 e.
1452 750 1489 810 de

363 869 423 927 qua
444 855 534 911 antea
556 856 662 912 auctor
685 852 802 912 locutus
826 859 872 912 est
894 853 955 930 lygi
982 850 1105 926 corona]
1127 850 1178 931 τῷ
1200 849 1378 931 Προμηθεῖ
1398 869 1489 931 περι-

362 947 519 1031 γενέσθαι
542 948 597 1012 καὶ
619 941 689 1033 μετ’
711 939 753 1014 οὗ
775 945 867 1015 πολὺ
898 962 969 1026 τοῖς
995 940 1262 1035 εὐεργετηθεῖσιν
1292 940 1489 1034 ἀνθρώποις

361 1037 419 1115 ὑπ’
441 1043 549 1117 αὐτοῦ
570 1046 659 1116 κατὰ
679 1047 740 1139 τὴν
761 1055 827 1117 τοῦ
849 1054 957 1137 πυρὸς
980 1048 1116 1137 δωρεάν.
1155 1060 1201 1118 Hx
1223 1059 1364 1136 Aeschyli
1385 1059 1487 1119 fabula

363 1159 438 1219 haee
468 1157 601 1237 pendere
630 1163 733 1221 nostro
765 1162 830 1222 iure
860 1162 1024 1221 conicimus
1052 1180 1119 1221 cum
1142 1161 1246 1238 paullo
1268 1165 1337 1238 post
1359 1160 1486 1235 (6741))

361 1261 439 1322 idem
464 1265 568 1322 auctor
595 1267 709 1323 narret:
739 1248 909 1340 Αἰσχύλος
936 1248 965 1320 d'
991 1256 1028 1322 έν
1054 1260 1103 1342 τῷ
1125 1257 1290 1342 Λυομένῳ
1313 1260 1491 1344 Προμηθεῖ

362 1361 477 1439 σαφῶς
506 1375 609 1445 φησιν
637 1351 691 1424 ὅτι
721 1357 776 1424 tat
806 1357 866 1446 [τε]
897 1363 974 1444 τιμη
1003 1363 1066 1424 τοῦ
1088 1360 1295 1446 Προμηθέως
1323 1351 1386 1425 τόν
1416 1361 1486 1426 στέ-

361 1483 473 1543 φανον
488 1463 703 1550 περιτίθεμεν
718 1466 759 1546 τῇ
773 1466 911 1545 κεφαλῇ,
934 1454 1115 1528 ἀντίποινα
1128 1465 1191 1527 τοί
1206 1461 1338 1528 ἐκείνου
1354 1464 1484 1547 δεσμοῦ.

361 1570 487 1631 Videtur
507 1571 598 1648 igitur
614 1571 719 1632 (laetor
741 1591 800 1632 non
824 1572 919 1631 solum
943 1573 999 1648 ipsi
1014 1571 1192 1632 Prometheo
1216 1590 1326 1631 morem
1348 1573 1486 1650 gessisse,

362 1673 415 1733 sed
438 1675 528 1734 stiam
550 1674 737 1751 praedixisse
760 1674 894 1734 homines
916 1675 1042 1751 posthac
1063 1675 1092 1733 in
1116 1675 1257 1734 honorem
1281 1674 1410 1751 Titanis,
1433 1677 1484 1752 qui

361 1794 462 1837 eorum
486 1778 582 1854 gratia
604 1780 649 1838 tot
675 1780 758 1837 tanta
781 1777 927 1854 supplicia
950 1778 1077 1852 tulisset,
1108 1794 1235 1836 coronas
1265 1778 1379 1837 laturos
1409 1795 1484 1837 esse.

361 1879 494 1939 Anulum
525 1897 645 1956 quoque
676 1880 713 1940 de
744 1898 805 1957 qrro
827 1881 942 1940 Plinius
964 1880 1002 1939 N.
1017 1880 1054 1938 H.
1069 1879 1209 1939 XXXVII
1233 1884 1268 1957 2,
1295 1873 1416 1941 Servius
1445 1880 1483 1940 ad

361 1982 651 2058 Virg.Hcl.V142‚
682 1983 822 2058 Hyginus
844 2002 874 2060 p.
890 1986 960 2042 astr.
976 1982 1004 2041 ll
1021 1984 1075 2054 15,
1106 1981 1240 2042 Isidorus
1262 1980 1341 2058 Orig.
1358 1983 1427 2043 XlX
1443 1986 1483 2044 32

360 2084 410 2143 alii
433 2087 614 2160 protuerunt
636 2082 715 2162 apud
738 2085 922 2160 Aeschylum
954 2085 1010 2143 hoc
1040 2084 1106 2143 loco
1136 2088 1396 2144 commemoratum
1419 2103 1484 2146 esse

362 2188 411 2248 vel
441 2189 566 2248 maxime
599 2188 761 2248 verisimile
791 2192 843 2247 est.
895 2187 1018 2247 Silentia
1040 2187 1141 2247 Titani
1170 2188 1306 2264 imposito
1330 2189 1483 2248 Vulcanus

360 2310 427 2351 oum
450 2290 638 2351 ferramentis
659 2291 814 2367 processit,
836 2294 869 2350 ut
891 2289 1011 2350 vincula
1033 2289 1197 2366 expediret
1236 2291 1308 2375 Eius
1325 2295 1426 2368 partes
1450 2297 1482 2351 ut

359 2393 437 2454 idem
459 2397 543 2454 actor
563 2395 692 2469 gereret,
715 2393 765 2469 qui
781 2392 952 2452 Promethei
968 2409 1127 2469 personam
1142 2396 1232 2451 antea
1255 2399 1371 2470 egerat,
1394 2395 1482 2453 etiam

359 2497 445 2558 nullo
479 2496 600 2557 sissimo
630 2495 808 2573 interposito
837 2493 928 2555 facile
956 2493 1020 2556 fieri
1051 2493 1183 2572 potuisse
1213 2495 1350 2573 proxima
1380 2494 1482 2556 fabula

359 2600 462 2678 docet,
489 2601 519 2659 in
543 2618 602 2676 qua
626 2599 730 2659 eadem
753 2597 892 2659 condicio
914 2598 992 2659 inter
1014 2598 1183 2657 Promethei
1207 2598 1393 2676 Vulcaanue
1415 2618 1482 2676 per·

358 2720 448 2763 sonas
471 2701 636 2763 intercedit.

443 2805 527 2880 Quae
550 2806 575 2864 si
598 2808 680 2865 recte
703 2803 921 2882 disputavimus
943 2805 1096 2881 speculum
1120 2824 1138 2863 a
1160 2821 1221 2881 quo
1237 2803 1363 2881 profecti
1379 2823 1481 2865 sumus

358 2909 398 2970 ab
431 2908 585 2987 Aeschylo
615 2908 748 2985 pendere
780 2912 917 2984 apparet
971 2909 1054 2967 Duas
1087 2907 1200 2967 scilicet
1233 2911 1266 2966 ut
1297 2906 1330 2967 fit
1362 2907 1481 2968 fabulae

358 3028 483 3071 scaenas
512 3010 542 3070 in
574 3028 609 3070 eo
641 3010 816 3071 coniunctas
849 2996 996 3083 videmus,
1026 3010 1055 3068 id
1086 3009 1167 3087 quod
1198 3010 1246 3069 hic
1274 3028 1388 3069 summo
1416 3011 1480 3070 iure

359 3113 458 3191 opifex
490 3114 601 3186 effecit,
634 3132 700 3173 cum
734 3132 789 3191 pro
823 3112 957 3172 ministro
986 3113 1121 3172 Vulcano
1151 3130 1255 3172 verum
1290 3113 1479 3173 liberatorem

357 3216 517 3276 Herculem
541 3215 722 3276 substituere
738 3215 837 3276 vellet.
875 3214 952 3288 Quid
975 3233 1048 3275 vero
1071 3214 1108 3275 ds
1130 3216 1231 3292 priore
1253 3219 1338 3293 parte
1360 3215 1479 3275 fabulae

356 3317 544 3379 statuamus?
577 3318 724 3377 Nimirum
739 3317 901 3377 Herculem
923 3317 981 3375 iam
1003 3316 1034 3376 in
1058 3316 1152 3393 primo
1176 3316 1308 3393 episodio
1332 3316 1479 3393 prodiisse

357 3422 469 3480 nullam
492 3420 583 3480 habet
604 3420 759 3481 veritatem
783 3437 881 3496 neque
905 3437 971 3479 cnm
995 3420 1087 3478 choro
1103 3419 1242 3478 Titanum
1266 3422 1382 3478 tautum
1406 3422 1478 3479 Pro-

358 3524 506 3583 metheum
530 3524 626 3600 egisse
649 3522 737 3583 facile
759 3521 845 3582 nobis
868 3520 1093 3598 persuademus.
1136 3522 1220 3581 Jovis
1249 3522 1379 3598 legatum
1410 3539 1478 3598 pro·

356 3626 442 3704 gredi
472 3625 612 3686 debuisse
642 3616 756 3703 opinor,
788 3626 838 3701 qui
868 3631 990 3700 rogaret
1018 3643 1087 3686 uum
1118 3628 1163 3683 tot
1192 3625 1382 3684 saeculorum
1410 3642 1477 3702 sup·

355 3728 452 3805 pliciis
475 3728 587 3789 fractus
610 3746 690 3788 nuno
713 3726 831 3787 demum
855 3726 943 3786 'l'itan
967 3733 1111 3787 secretum
1135 3728 1253 3804 aperire
1275 3727 1373 3786 vellet.
1410 3725 1478 3800 Quo

355 3830 476 3907 repulso
500 3832 593 3908 magis
616 3831 745 3891 eminere
762 3829 892 3890 debebat
907 3848 972 3889 cum
988 3830 1129 3889 Herculis
1145 3829 1357 3905 (iustorumque
1372 3830 1478 3905 virius,

355 3935 407 4011 qui
435 3938 550 3995 tantum
580 3933 710 4012 rigorem
742 3932 907 4004 solverent,
937 3938 998 3992 tum
1021 3932 1191 3991 Promethei
1222 3931 1325 3992 firmus
1352 3931 1477 4009 animus,

355 4038 404 4113 qui
427 4036 511 4097 Jovis
534 4037 678 4097 voluntati
706 4053 815 4096 morem
847 4054 907 4095 non
938 4038 1070 4112 gereret,
1100 4034 1156 4094 nisi
1186 4052 1253 4093 cum
1283 4035 1478 4111 comperisset

355 4157 466 4199 novum
500 4137 585 4199 deum
619 4139 782 4216 benignum
817 4136 919 4197 mundi
953 4138 1184 4214 gubernatorem
1218 4155 1251 4197 se
1283 4136 1477 4215 praestitisse.

353 4242 494 4304 Profecto
525 4244 554 4303 iu
585 4243 667 4302 initio
698 4242 791 4303 Soluti
823 4240 1004 4301 indefectam
1038 4239 1129 4300 fuisse
1157 4240 1274 4301 Titanis
1307 4240 1474 4301 firmitatem

354 4338 551 4421 fragmentum
577 4348 636 4407 193
668 4344 757 4405 docet
786 4364 803 4403 a
826 4344 971 4405 Cicerone
999 4344 1029 4402 in
1053 4343 1192 4403 Latinam
1225 4344 1356 4421 linguam
1379 4348 1475 4404 trans·

353 4448 453 4508 latum.
491 4448 633 4522 Quisnam
649 4466 720 4508 vero
743 4448 800 4509 hoo
817 4466 939 4508 munere
954 4448 1051 4525 potuit
1066 4447 1172 4525 fungi?
1209 4448 1289 4507 Ecce
1304 4447 1474 4523 Apollinem
