3384 5100
354 434 392 492 12

354 589 440 660 κατὰ
469 596 572 661 τοῦτο
602 591 642 662 τό
670 597 769 681 μέρος
799 588 1011 664 ἆσκέπαστον
1040 595 1133 662 ἐᾶσαι
1160 594 1215 662 διὰ
1237 594 1299 663 τόν
1321 592 1478 682 γωρυτὸν

352 689 392 763 όν
421 698 622 782 περιέκειτο·
654 701 755 785 φησὶν
785 700 820 766 δὲ
846 701 924 784 περὶ
954 693 1062 766 αὐτοῦ
1084 693 1251 784 Αἰσχύλος
1282 691 1334 766 ὅτι
1358 702 1414 766 καὶ
1437 697 1477 767 τό

351 802 447 884 ξίφος
469 799 656 885 ἐκάμπτετο
679 794 809 888 οὐδαμῇ
830 799 1025 880 ἐνδιδόντος
1048 807 1109 869 τοῦ
1133 799 1263 887 χρωτός
1288 806 1330 887 τῇ
1361 807 1478 889 σφαγῇ,

351 899 453 986 τόξον
476 896 520 981 ὥς
542 927 593 982 τις
615 902 783 982 ἐντείνων,
806 907 889 988 πρὶν
911 898 952 994 δή
973 929 1033 983 τις,
1056 906 1148 990 φησί,
1170 909 1327 988 παροῦσα
1348 906 1476 991 δαίμων

352 1003 475 1087 ἔδειξεν
505 999 598 1092 αὐτῷ
628 1002 714 1073 κατὰ
743 1021 846 1074 notor>
874 1008 974 1094 μέρος
1004 1009 1055 1074 δεῖ
1080 1005 1270 1093 χρήσασθαι
1292 1014 1332 1093 τῇ
1356 1014 1474 1094 σφαγῇ.

351 1118 397 1176 lta
418 1117 510 1191 igitur
532 1117 701 1194 Aeschylus
724 1137 785 1177 rem
809 1118 944 1194 instituit,
967 1122 1000 1178 ut
1015 1138 1070 1194 per
1085 1119 1205 1195 longum
1222 1124 1339 1195 tempus
1364 1118 1476 1180 frustra

353 1218 431 1278 Aiax
453 1218 553 1294 gladio
578 1237 610 1278 se
632 1220 770 1280 occidere
786 1226 957 1297 conaretur,
980 1240 1046 1281 cum
1063 1239 1174 1298 corpus
1189 1222 1299 1280 vulnus
1314 1226 1477 1300 respueret

353 1321 468 1395 Quodsi
498 1323 527 1382 iu
560 1323 676 1399 pictura
699 1321 859 1397 Etrusca¹l
882 1324 983 1384 Aiacis
1012 1325 1068 1384 iam
1098 1328 1193 1384 morte
1215 1324 1345 1384 defuncti
1370 1344 1478 1400 corpus

351 1425 488 1485 videmus
511 1426 714 1504 compluribus
736 1427 847 1486 ictuum
871 1428 950 1487 uotis
973 1428 1111 1487 affectum
1140 1445 1237 1503 neque
1268 1447 1327 1487 uno
1351 1429 1476 1488 vulnere

353 1534 553 1600 cruentatum,
583 1535 710 1607 apparet
739 1531 883 1606 pictorem
915 1530 972 1590 hoc
1002 1530 1089 1590 modo
1122 1548 1224 1589 cassos
1253 1530 1321 1590 illos
1352 1536 1476 1592 conatus

353 1630 523 1707 siguificare
546 1631 674 1692 voluisse
697 1640 727 1692 et
749 1632 934 1692 adsentimus
958 1633 1185 1708 Heydemauno,
1208 1633 1258 1710 qui
1280 1633 1319 1693 ad
1343 1633 1476 1710 Aeschy-

353 1735 418 1794 leae
441 1734 559 1794 fabulae
583 1734 669 1793 fidem
694 1737 841 1813 picturam
866 1736 993 1796 effictam
1018 1754 1084 1795 esse
1107 1735 1261 1796 contendit
1283 1731 1313 1797 ll.
1329 1737 1347 1796 1.
1363 1731 1423 1813 61).

438 1838 555 1899 Deinde
587 1839 615 1898 in
638 1839 782 1915 amphora
804 1837 1036 1911 Palermitana2)
1059 1840 1136 1899 Aiax
1158 1845 1227 1898 aute
1251 1840 1364 1899 ferrum
1387 1840 1477 1899 humo

352 1940 475 2000 infixum
499 1941 635 2000 consistit
657 1960 754 2000 coram
780 1943 930 2018 Minerva,
960 1960 1037 2018 quae
1064 1941 1150 2001 arieti
1174 1942 1273 2001 occiso
1295 1941 1403 2019 pedem
1427 1945 1477 2002 im·

352 2042 446 2118 pouit.
490 2043 535 2103 Ab
565 2044 658 2103 altera
689 2047 773 2118 parte
798 2043 930 2116 Charon,
960 2044 1080 2119 qualem
1110 2043 1239 2103 artifices
1262 2044 1381 2103 Etrusci
1409 2062 1476 2103 enm

352 2145 465 2222 fingere
496 2146 608 2222 solent,
637 2147 869 2224 appropinquat.
913 2146 1091 2218 Minervam,
1121 2164 1198 2222 quae
1230 2165 1294 2204 cum
1326 2145 1364 2205 ab
1387 2146 1477 2206 Aiace

352 2249 548 2309 animadverti
571 2269 630 2309 nou
654 2249 800 2322 videatur,
821 2249 980 2309 invisibilis
1003 2267 1069 2308 esse
1093 2249 1195 2326 debet,
1216 2248 1254 2308 ad
1278 2250 1408 2326 priorem
1433 2250 1477 2310 fa-

353 2353 440 2412 bulae
473 2356 588 2430 partem
623 2357 759 2428 spectare
794 2353 961 2429 eodemque
994 2353 1131 2429 arietem,
1169 2371 1259 2411 unum
1293 2353 1407 2412 scilicet
1440 2372 1478 2412 ex

353 2455 520 2533 pecudibus
549 2455 585 2515 ab
608 2454 699 2515 Aiace
729 2455 846 2516 hrrente
877 2456 983 2525 occisis
1013 2456 1165 2532 respicere
1195 2474 1254 2514 nou
1286 2455 1349 2514 siue
1372 2455 1477 2532 proba·

354 2560 466 2619 bilitate
489 2560 592 2619 statuit
614 2559 858 2637 Heydemauuus.
902 2560 976 2618 Tum
1000 2577 1073 2618 vero
1096 2576 1220 2617 necesse
1243 2565 1288 2617 est
1310 2558 1476 2619 Oharcuem

353 2664 383 2722 in
405 2663 462 2722 hac
486 2662 602 2739 pictura
625 2663 759 2721 mulieris
782 2662 863 2721 illius
884 2662 965 2721 vices
988 2679 1105 2739 gerere,
1127 2680 1204 2738 quae
1219 2662 1304 2721 Aiaci
1321 2661 1398 2720 illam
1416 2680 1479 2721 cor·

351 2766 433 2843 poris
455 2770 570 2842 partem
594 2764 716 2840 iudicat,
747 2783 825 2842 quae
849 2766 959 2824 vulnus
990 2763 1144 2840 suscipere
1167 2765 1268 2840 possit.
1312 2765 1378 2824 Hoc
1401 2766 1479 2824 enim

353 2870 419 2945 ipsa
450 2867 627 2927 scholiastae
657 2868 748 2928 verba
781 2868 890 2927 docent
921 2868 1104 2944 Aeschylum
1136 2868 1293 2944 scripsisse
1323 2861 1409 2944 πρὶν
1439 2856 1479 2947 δὴ

353 2967 510 3047 παροῦσα
533 2964 662 3048 δαίμων
692 2989 790 3048 neque
813 2970 900 3030 video
931 2987 991 3047 quo
1022 2972 1088 3029 iure
1110 2969 1316 3030 Weckleiuius
1338 2969 1477 3031 traditam

352 3074 508 3134 lectionem
531 3074 561 3132 iu
585 3067 667 3150 πρὶν
691 3063 732 3155 δὴ
753 3063 874 3151 παρών
896 3090 946 3142 τις
970 3058 1142 3149 δαιμόνων
1172 3078 1288 3133 mutare
1319 3091 1409 3133 ausus
1431 3073 1478 3133 sit.

354 3178 498 3236 Nimirum
533 3196 626 3254 usque
656 3177 694 3236 ad
723 3171 880 3254 παροῦσα
910 3168 1038 3253 δαίμων
1068 3176 1134 3253 ipsa
1163 3176 1255 3236 verba
1289 3181 1395 3251 poetae
1428 3175 1478 3235 ad·

354 3280 539 3353 scribuntur,
568 3284 630 3339 tum
655 3283 753 3338 antem
777 3278 914 3338 clausula
936 3278 1081 3336 enuntiati
1106 3281 1208 3353 aperte
1230 3278 1276 3337 his
1300 3278 1400 3337 verbis
1422 3279 1477 3337 cir-

355 3382 562 3442 cumscribitur
585 3371 707 3456 ἔδειξεν
730 3364 825 3458 αὐτῷ
848 3369 935 3438 κατὰ
957 3385 1060 3439 τιοῑον
1085 3373 1184 3458 μέρος
1214 3374 1265 3439 δεῖ
1291 3368 1478 3461 χρήσασθαι

353 3480 394 3559 τῇ
417 3480 535 3560 σφαγῇ.
573 3484 607 3543 ld
630 3483 710 3560 quod
727 3484 776 3543 vel
792 3484 889 3560 ipsum
907 3483 1112 3542 Hermaunum
1129 3481 1245 3559 fefellit,
1267 3484 1318 3560 qni
1334 3488 1366 3543 ut
1380 3501 1478 3559 nuper

355 3586 561 3647 Weckleiuius
585 3579 707 3662 ἔδειξεν
730 3571 826 3665 αὐτῷ
850 3588 990 3663 Aeschyli
1021 3588 1114 3646 verba
1140 3604 1207 3647 esse
1230 3591 1313 3646 ratus
1336 3588 1377 3647 ita
1399 3585 1479 3663 frag·

356 3694 486 3751 mentum
510 3691 668 3751 restituere
692 3694 816 3750 conatus
840 3694 899 3749 est:

507 3805 589 3890 πρὶν
613 3800 652 3890 δὴ
674 3807 829 3888 παροῦσα
854 3799 1024 3887 δαιμόνων
1048 3825 1098 3878 τις
1119 3793 1295 3887 εὐφρόνως

509 3904 632 3988 ἐ’δειξεν
653 3898 747 3993 αὐτῷ

355 4035 498 4095 feminino
515 4040 613 4094 tamen
629 4052 749 4110 genere,
766 4037 799 4092 ut
815 4032 950 4109 decebat,
971 4036 1157 4092 conservato.
1187 4032 1251 4089 Dea
1266 4030 1316 4090 illa
1332 4049 1479 4108 quaenam

356 4138 447 4199 fuerit
470 4138 586 4198 nescire
609 4156 664 4197 uos
686 4156 757 4197 sane
781 4136 943 4199 dolendum
966 4143 1025 4209 est,
1047 4141 1078 4195 at
1101 4153 1154 4196 cur
1177 4136 1345 4195 nesciamus
1361 4138 1411 4195 aut
1427 4153 1480 4193 cur

443 4337 463 4405 ¹)
486 4337 627 4403 Expressa
649 4336 676 4388 in
700 4335 772 4389 Mon
792 4335 819 4389 d.
832 4334 899 4388 lust
911 4333 939 4387 ΙΙ
952 4335 1001 4389 SA
1026 4339 1055 4388 et
1077 4333 1151 4403 apud
1169 4332 1323 4400 Ouerbeclr,
1341 4331 1411 4386 Gall.
1423 4331 1478 4385 her.

356 4421 513 4477 Bildwerke
522 4421 616 4476 XXIV
631 4429 654 4474 2.
700 4422 722 4489 2)
732 4419 766 4476 cl.
775 4420 956 4491 Heydemauu
966 4420 993 4473 iu
1002 4420 1095 4474 Dianio
1105 4418 1313 4488 archaeologico
1325 4422 1386 4473 1871
1399 4433 1427 4486 p.
1436 4421 1478 4470 46.
