3384 5100
332 387 371 444 22

416 555 619 616 Transeamus
641 555 680 615 ad
704 550 825 616 Nioben.
864 556 964 616 Edidit
986 562 1016 616 et
1039 557 1200 617 illustravit
1219 556 1454 631 Heydemanuus

331 659 425 717 musei
441 658 633 733 Neapolitani
649 659 823 735 amphoram
833 656 868 736 ¹),
890 676 969 736 quae
992 658 1046 718 etsi
1070 659 1153 719 nullo
1177 657 1267 718 dubio
1290 658 1328 717 ad
1343 657 1454 718 Niobes

331 761 463 821 fabulam
485 761 646 822 reserenda
668 781 733 823 esse
749 763 875 840 videtur,
897 766 996 823 tamen
1012 763 1204 823 vehementer
1220 762 1372 838 discrepat
1387 781 1454 822 cum

332 863 468 925 omnibus
500 883 578 942 quae
609 865 646 924 ad
678 867 741 925 eius
764 865 827 925 itta
850 869 987 942 spectant
1010 864 1218 925 monumentis.
1261 866 1295 924 ln
1318 864 1454 924 aedilicio

332 968 477 1028 columnis
506 967 610 1027 innixo
641 968 792 1028 mulierem
822 970 987 1044 cernimus,
1017 986 1094 1045 quae
1124 968 1219 1027 altera
1248 987 1338 1028 manu
1365 968 1454 1044 capiti

331 1071 470 1146 imposita
502 1071 625 1130 alteram
660 1070 697 1130 ad
731 1075 836 1149 peetus
868 1089 991 1130 movens
1021 1071 1172 1148 geminata
1201 1072 1308 1130 summi
1341 1070 1454 1131 doloris

330 1173 441 1233 iudicia
470 1193 543 1251 prae
574 1191 607 1232 se
638 1173 718 1234 ferre
740 1174 868 1234 videtur.
911 1176 1004 1234 Juxta
1034 1173 1201 1233 aedilicium
1231 1173 1380 1234 adextra
1401 1173 1454 1232 ad·

331 1277 413 1337 venit
442 1293 496 1335 rex
527 1275 647 1352 quidam
677 1294 782 1354 senex,
812 1275 864 1353 qui
895 1294 1009 1335 summo
1040 1293 1106 1336 eum
1136 1275 1246 1336 ardore
1274 1276 1387 1336 mulieri
1410 1275 1454 1335 illi

332 1377 444 1456 aliquid
466 1378 650 1456 persuadere
673 1379 781 1439 studet.
818 1381 929 1455 Regem
953 1397 1019 1439 esse
1042 1379 1123 1439 illum
1147 1383 1178 1438 et
1191 1383 1343 1456 sceptrum
1366 1379 1456 1439 docet

332 1487 362 1544 et
384 1481 577 1558 doryphoros
601 1501 667 1541 eum
691 1489 822 1542 secutus.
866 1482 912 1541 Ab
935 1483 1030 1543 altera
1052 1488 1138 1559 parte
1162 1488 1297 1543 matrona
1319 1482 1456 1542 considet

332 1586 430 1662 capite
446 1584 555 1660 velato,
579 1602 656 1661 quae
679 1589 708 1644 et
731 1585 797 1661 ipsa
820 1585 859 1644 ad
883 1584 1035 1644 mulierem
1051 1585 1131 1643 illam
1149 1584 1240 1644 verba
1255 1584 1335 1644 facit,
1369 1584 1454 1646 Gom·

331 1689 434 1765 plures
457 1686 668 1748 circumsident
682 1688 821 1764 virgines,
843 1705 922 1764 quae
945 1687 1036 1746 cistas
1059 1686 1263 1764 mundumque
1279 1689 1453 1747 muliebrem

330 1791 360 1850 in
388 1790 525 1850 manibus
555 1789 673 1851 habent.
717 1790 895 1868 Laguncula
925 1790 1061 1849 calathus
1091 1790 1207 1849 cithara
1237 1791 1344 1850 thorax
1374 1791 1453 1849 humi

331 1894 439 1953 iacent.
475 1893 615 1968 Denique
637 1893 666 1950 iu
690 1894 845 1970 superiore
869 1892 1031 1969 amphorae
1053 1896 1138 1969 parte
1161 1893 1210 1953 hic
1225 1893 1364 1970 Juppiter
1387 1911 1453 1952 cum

332 1997 493 2067 Mercurio,
527 1996 589 2055 illic
622 1996 740 2054 Latona
774 1995 910 2055 considet
944 2014 1011 2054 cum
1034 1995 1135 2055 liberis
1157 1996 1219 2056 suis
1242 1997 1313 2056 satis
1346 1997 1454 2072 puerili

331 2101 429 2158 aetate
452 2097 567 2157 affictis.

415 2199 534 2260 Nioben
557 2204 586 2261 et
600 2200 762 2260 Tantalum
785 2207 902 2279 patrem
926 2201 1070 2261 artificem
1093 2203 1219 2279 pingere
1241 2201 1373 2262 voluisse
1395 2201 1453 2261 iam

331 2303 566 2380 Heydemouuus
590 2303 757 2380 perspexit,
787 2323 848 2380 qua
870 2303 909 2362 de
931 2322 964 2363 re
986 2301 1103 2364 Latona
1126 2322 1191 2363 cum
1214 2304 1315 2364 liberis
1337 2323 1454 2364 omnem

331 2405 544 2465 dubitationem
567 2405 685 2465 tollunt.
729 2405 787 2466 Sed
810 2406 882 2483 quid
906 2410 969 2466 tota
990 2407 1108 2484 pictura
1134 2407 1187 2466 sibi
1211 2407 1317 2483 vellet,
1348 2406 1454 2466 mirum

331 2508 362 2568 in
387 2507 505 2569 modum
529 2527 596 2568 eum
619 2507 732 2583 fugisse
754 2508 881 2569 videtur.
927 2509 1009 2569 Dixit
1036 2509 1126 2569 enim:
1159 2510 1255 2582 ,Dass
1277 2509 1374 2570 Niobe
1404 2527 1454 2587 ge·

331 2612 452 2678 storbon
468 2611 498 2671 in
515 2611 568 2671 der
583 2612 751 2672 Uuterwelt
773 2612 836 2671 sich
859 2609 1005 2689 authalte,
1027 2632 1088 2673 war
1112 2613 1179 2672 eine
1194 2612 1455 2691 Sagenwendung,

332 2714 380 2774 die
403 2716 499 2774 neben
524 2714 578 2773 der
600 2713 770 2791 gelaufigen
794 2714 1025 2790 Steinwerduug
1049 2715 1094 2775 bei
1119 2715 1177 2774 den
1193 2716 1281 2775 Alten
1306 2717 1370 2775 bier
1392 2715 1454 2775 und

332 2818 371 2877 da
386 2816 498 2892 umliel,
513 2819 569 2876 wie
583 2818 637 2878 wir
653 2836 705 2877 aus
721 2818 850 2895 einiger,
866 2816 1052 2893 wenngleich
1073 2824 1215 2894 spatereu
1232 2818 1452 2893 Andeutungen

330 2920 493 2980 schliesseu
523 2928 651 2981 mdsseu.
695 2922 787 2981 Diese
810 2921 887 2996 Sage
917 2919 1030 2980 hanute
1061 2920 1115 2980 der
1137 2921 1231 2981 Maler
1262 2920 1315 2980 des
1344 2939 1453 2997 neapo·

331 3023 507 3083 hienischen
531 3022 672 3082 Gelasses
697 3021 757 3082 und
781 3022 881 3082 stellte
904 3021 961 3082 deu
984 3022 1051 3082 Tou
1074 3022 1127 3082 der
1149 3022 1246 3082 Niobe
1269 3022 1332 3099 dar,
1355 3023 1454 3082 indem

332 3145 365 3185 er
395 3126 437 3185 sie
467 3124 591 3202 lebend,
621 3124 679 3184 den
701 3124 768 3185 Tod
792 3124 973 3196 erwartend,
1004 3126 1050 3184 ins
1072 3124 1215 3185 Grabmal
1236 3124 1317 3185 ihrer
1337 3125 1455 3185 Kindcr

330 3229 394 3289 sich
418 3226 638 3287 nurbckniehen
660 3228 739 3287 idest.
835 3228 889 3286 Mit
911 3227 965 3287 der
987 3227 1066 3304 Saga
1093 3227 1147 3287 der
1168 3227 1266 3287 Niobe
1289 3228 1367 3287 wohl
1390 3247 1454 3287 ver·

331 3336 419 3408 trent,
441 3329 494 3390 sah
517 3348 550 3389 er
572 3330 638 3389 sich
662 3329 755 3389 durch
779 3330 827 3389 die
850 3329 1019 3390 Schahloue
1042 3329 1096 3389 der
1119 3330 1454 3408 Toteudarstelluugen,

332 3434 379 3493 die
403 3452 436 3493 er
458 3432 508 3493 ihr
531 3434 578 3493 die
594 3434 788 3509 Darstellung
805 3433 923 3509 wahlte,
945 3432 1006 3492 und
1027 3432 1121 3491 durch
1139 3433 1187 3492 die
1202 3431 1455 3493 Beschrtuktbeit

331 3536 430 3597 seiner
452 3537 649 3597 Kunstmittel
680 3538 829 3613 genbtigt‚
859 3555 918 3595 von
950 3536 1016 3595 dem
1044 3535 1270 3611 gewdhulichen
1293 3536 1379 3596 Ende
1401 3535 1455 3596 der

331 3638 408 3715 Sage
438 3639 613 3717 ahuugeheu
644 3639 705 3698 und
736 3640 778 3699 sie
808 3657 841 3698 so
874 3639 1079 3716 umzuhildeu,
1108 3639 1162 3699 wie
1196 3638 1249 3697 das
1282 3639 1454 3699 ruvesisehe

332 3742 493 3802 Vasenbild
517 3743 558 3801 sie
588 3741 761 3802 darhietet.“
809 3741 887 3803 Sane
915 3742 1034 3819 quidem
1064 3742 1188 3801 eandem
1219 3742 1346 3818 speciem
1377 3742 1455 3802 hanc

330 3846 476 3922 picturam
498 3845 643 3922 praebere
667 3863 702 3903 ac
724 3864 861 3922 magnam
892 3845 969 3904 illam
1000 3845 1125 3904 classem
1148 3845 1381 3904 Tarentinorum
1404 3864 1454 3905 va·

331 3966 444 4023 sorum,
477 3949 507 4008 in
542 3949 652 4025 quibus
686 3947 821 4008 aedilicia
854 3948 1033 4025 sepulcralia
1066 3952 1311 4025 mortuorumque
1345 3950 1454 4008 cultum

332 4050 527 4128 effingebant,
561 4050 695 4111 concedo
725 4068 822 4127 neque
853 4051 882 4110 id
915 4050 1035 4128 quidem
1069 4050 1177 4110 fefellit
1205 4051 1453 4127 Heydemannum

418 4196 437 4264 ¹)
455 4195 582 4251 Berichte
600 4196 649 4251 der
667 4194 950 4251 stichaiiesellscheit
967 4196 1016 4250 der
1029 4195 1265 4251 wissenschaften
1286 4202 1349 4252 1875
1367 4214 1395 4265 p.
1404 4202 1454 4252 218

330 4283 385 4337 tab.
394 4283 442 4337 IV.
478 4281 512 4337 cf.
530 4283 654 4337 eiusdem
672 4298 799 4337 vesorum
817 4282 1059 4351 Neapolitanorum
1077 4282 1230 4352 catalogum
1249 4299 1289 4337 nr.
1299 4288 1373 4339 3246.
1396 4284 1454 4338 Vas

331 4374 375 4425 est
391 4369 450 4425 eius
469 4368 573 4439 classis,
592 4384 671 4441 quem
690 4384 709 4423 a
726 4367 885 4425 candelabro
904 4372 1012 4423 vocant.
