3384 5100
593 586 650 650 καὶ
672 578 796 669 δόμους
815 577 990 669 Ἀμφίονος

389 683 639 754 καταιθαλώσω
661 684 889 773 πυρφόροισιν
909 687 1069 765 olerona)

241 814 412 874 Haeserunt
445 814 564 891 quidem
599 817 628 875 iu
662 804 927 891 καταιθαλώσω,
960 834 1028 875 cum
1060 815 1164 876 lovem
1199 815 1295 890 ipsum
1330 813 1360 872 in

238 934 375 976 scaenam
399 935 590 994 progressum
615 937 679 979 esse
703 923 858 996 negarent.
902 918 959 978 Sed
983 923 1064 977 recte
1087 918 1278 977 Hermanuus
1301 935 1361 977 mo-

239 1020 304 1079 nuit
326 1020 443 1080 minime
466 1039 589 1082 necesso
612 1041 678 1082 esse
698 1024 776 1082 hauc
791 1023 875 1082 verbi
892 1022 1015 1082 formam
1032 1020 1183 1096 Aeschylo
1199 1020 1360 1091 vindicare,

239 1141 304 1181 cum
321 1123 515 1199 Aristophani
531 1124 561 1183 hi
579 1144 684 1186 versus
699 1125 872 1201 debeantur,
896 1126 946 1202 qui
969 1124 999 1184 in
1015 1143 1101 1185 suum
1119 1142 1202 1183 usum
1218 1123 1361 1199 Aeschyli

240 1226 330 1285 verba
353 1229 467 1286 mutare
490 1229 629 1304 potuerit.
667 1229 745 1290 Sane
767 1230 881 1300 Jovem,
913 1247 979 1288 cum
1001 1227 1123 1287 fulmine
1146 1230 1225 1286 esset
1247 1225 1359 1302 regiam

239 1328 453 1401 exstincturus,
484 1329 521 1389 de
553 1331 608 1390 hac
640 1349 672 1390 rc
702 1335 792 1391 antea
815 1349 915 1407 regem
939 1331 1096 1390 certiorem
1120 1329 1224 1390 iecisse
1247 1328 1359 1388 nullam

237 1430 326 1490 habet
347 1431 476 1508 speciem
499 1433 640 1493 veritatis.
685 1433 807 1494 (lonicio
830 1434 923 1511 igitur
946 1432 1027 1508 apud
1052 1431 1233 1508 Aeschylum
1258 1446 1360 1508 κατῃ-

237 1523 371 1591 θδλωσε
400 1535 543 1612 scriptum
573 1535 665 1595 fuisso
696 1539 725 1596 et
754 1555 790 1595 ex
823 1536 995 1595 narratione
1027 1535 1064 1594 de
1087 1534 1262 1611 Amphionis
1291 1533 1360 1592 latis

237 1653 356 1695 versum
380 1636 518 1696 haustum
542 1656 614 1698 esse.
652 1639 712 1698 lam
736 1638 820 1699 vides
843 1657 897 1699 cur
919 1638 1038 1698 domum
1061 1638 1173 1714 regiam
1197 1637 1227 1696 in
1250 1655 1360 1696 scaeua

239 1743 429 1816 conspectam
452 1757 517 1800 esso
540 1759 630 1818 supra
654 1739 862 1819 negaverim.²)

323 1841 461 1915 Quonam
484 1842 597 1903 scelere
613 1844 763 1921 Amphion
786 1846 816 1904 iu
840 1845 935 1923 patris
958 1845 1031 1903 iram
1047 1843 1187 1903 inciderit
1202 1842 1360 1902 nescimus.

239 1945 271 2003 ln
288 1944 428 2021 Minyade
443 1947 473 2006 in
488 1964 590 2006 eorum
615 1966 737 2008 numero
761 1952 833 2024 erat,
857 1950 907 2024 qui
930 1946 1012 2024 apud
1033 1945 1144 2006 inferos
1166 1948 1358 2023 peccatorum

236 2064 349 2123 poenas
372 2047 493 2108 solvunt
516 2047 654 2121 (Pansam.
671 2051 713 2110 IX
725 2053 753 2126 5,
766 2048 807 2123 8).
851 2049 974 2111 Ovidius
1005 2067 1059 2109 sua
1089 2067 1177 2108 mauu
1201 2066 1267 2108 eum
1290 2047 1360 2107 fecit

237 2149 423 2210 occidentem
446 2151 563 2210 Melam.
578 2153 617 2211 VI
634 2156 694 2213 271

389 2272 467 2330 Nam
489 2277 576 2348 pater
600 2273 747 2350 Amphion
770 2273 851 2333 ferro
874 2292 929 2350 per
951 2277 1057 2350 pectus
1080 2271 1186 2331 adacto

389 2375 523 2434 Finierat
545 2377 673 2435 moriens
695 2377 809 2453 pariter
831 2395 897 2436 cum
922 2377 989 2436 lues
1012 2375 1155 2436 dolorem.

236 2493 326 2573 Apud
348 2496 500 2572 Hyginum
531 2497 567 2557 ab
589 2497 728 2574 Apolline
751 2497 868 2575 sagittis
889 2496 1075 2573 interficitur,
1097 2515 1164 2557 cum
1187 2495 1286 2557 liberis
1308 2513 1358 2556 ue·

237 2596 309 2657 catis
342 2600 484 2675 templum
516 2601 580 2660 eius
611 2619 786 2678 expugnare
816 2600 907 2661 audet
936 2600 1004 2669 (fab.
1021 2600 1081 2673 lX).
1133 2601 1206 2659 ltem
1234 2599 1357 2675 Apollo-

236 2699 327 2760 dorus
351 2701 394 2760 lll
418 2704 486 2777 5,6
522 2692 684 2784 ἐτοξεύθη
717 2698 753 2762 δὲ
785 2697 842 2761 καὶ
871 2688 1025 2780 Ἀμφίων.
1085 2700 1243 2775 Quomodo
1277 2700 1356 2778 apud

237 2803 416 2881 Aeschylum
440 2823 519 2864 mors
542 2807 604 2865 eius
626 2805 695 2866 fieta
718 2806 815 2878 fuerit,
837 2807 983 2866 incertum
1006 2810 1064 2881 est;
1089 2825 1155 2864 nam
1179 2824 1238 2863 nou
1262 2805 1356 2864 solum

236 2906 361 2981 regiam,
390 2907 441 2966 sed
464 2907 560 2983 ipsum
584 2927 684 2984 regem
708 2908 829 2969 fulmine
852 2910 936 2969 Jovis
958 2910 1049 2968 ictum
1072 2925 1138 2967 esse
1161 2926 1198 2967 ex
1221 2907 1357 2966 versibus

235 3008 332 3069 allatis
361 3009 478 3069 minime
509 3014 704 3089 consequitur
734 3030 830 3088 neque
854 3013 917 3071 veri
945 3012 1040 3071 simile
1064 3015 1109 3071 est
1132 3012 1235 3071 Jovem
1259 3010 1356 3086 ipsum

235 3110 326 3170 filium
358 3130 443 3172 suum
475 3115 637 3173 necavisse.
681 3116 763 3174 Haec
792 3118 891 3174 tamen
918 3119 1021 3173 nostro
1044 3114 1110 3172 iure
1132 3130 1249 3171 sumere
1272 3111 1357 3171 nobis

236 3213 371 3274 videmus
394 3220 422 3274 et
438 3216 633 3291 Amphionem
656 3217 726 3277 inde
749 3217 786 3276 ab
809 3218 893 3276 initio
916 3216 1037 3276 fabulae
1061 3219 1208 3274 mortuum
1231 3213 1304 3291 fingi
1327 3219 1357 3273 et

235 3316 338 3375 Jovem
360 3317 466 3394 ipsum,
489 3337 549 3377 nou
565 3318 706 3379 Letoides
728 3322 853 3397 tantum,
876 3318 1036 3397 perniciem
1052 3316 1170 3377 Tantali
1187 3317 1263 3376 liliae
1286 3335 1355 3375 con·

234 3418 349 3479 fecisse.
387 3419 474 3493 Quod
499 3425 532 3480 ut
546 3422 667 3482 Tantali
690 3420 759 3481 fatis
775 3423 952 3499 Amphionis
967 3422 1074 3482 similia
1089 3419 1223 3479 efficeret
1238 3424 1355 3496 poetam

234 3520 354 3582 linxisse
377 3524 539 3584 verisimile
562 3542 626 3585 esse
649 3525 776 3584 videtur.

318 3612 444 3685 Praeter
466 3627 540 3687 haec
562 3628 690 3688 aNiobe
714 3630 790 3705 patri
816 3632 939 3688 narrata
960 3646 1021 3704 qua
1043 3629 1157 3686 ratione
1173 3626 1355 3703 colloquium

235 3726 353 3786 Tantali
378 3746 445 3787 cum
465 3727 526 3787 lilia
541 3729 722 3805 processerit
737 3729 910 3789 coniectura
925 3733 1040 3789 tantum
1055 3728 1172 3803 assequi
1190 3744 1355 3803 possumus.

319 3944 341 4009 ¹)
358 3940 500 4009 Aristoph.
511 3942 564 3997 Ay.
580 3946 661 3998 1247:

285 4042 419 4098 ΠΕΙΣΘ.
439 4033 484 4113 ἆρ’
503 4036 581 4099 οἶσθ’
599 4036 644 4100 ότι
665 4041 735 4110 Ζεὺς
753 4036 782 4099 εἴ
794 4064 832 4113 με
851 4042 970 4115 λυπήσει
989 4040 1065 4115 πέρα

435 4126 568 4200 μέλαθρα
586 4128 641 4197 μὲν
659 4124 748 4186 αὐτοῦ
766 4128 813 4185 καλ
831 4126 937 4199 δόμους
954 4126 1104 4200 Ἀμφίονος

436 4211 651 4269 καταιθαλώσω
670 4208 865 4286 πυρφόροισιν
882 4212 989 4279 αἰετοῖς
995 4238 1002 4285 ;
1140 4207 1143 4212 ’

232 4314 279 4371 ubi
297 4321 378 4371 vetus
397 4317 546 4385 interpres:
564 4315 615 4371 καλ
633 4314 739 4385 δόμους
757 4313 917 4388 Ἀμφίονος]
938 4314 972 4374 ἐκ
993 4315 1101 4391 Νιόβης
1119 4313 1270 4387 ἶλίσχόλου.

317 4404 340 4468 ²)
357 4400 411 4455 vid.
430 4417 457 4470 p.
472 4406 527 4456 129.
