3384 5100
1279 377 1318 435 13

195 553 363 630 Aeschylus
386 570 494 612 nomen
518 550 592 610 deae
616 567 675 610 nou
699 549 850 610 addiderit
872 550 902 607 in
934 550 1095 627 propatulo
1125 553 1178 607 est.
1224 548 1321 608 Verba

195 657 310 717 scilicet
341 660 411 715 sunt
441 653 546 715 nuntii.
595 653 689 727 Quem
721 653 785 714 sive
816 654 936 712 militem
967 653 1116 712 exercitus
1139 652 1321 730 Argivorum

197 761 260 819 sive
284 762 433 836 pastorem
458 755 606 834 quendam
629 755 721 815 fuisse
744 755 899 832 tingimus,
928 753 979 831 qni
1002 755 1031 814 in
1054 755 1122 832 ripa
1144 755 1242 814 latens
1265 772 1322 814 nec

196 882 270 941 prae
294 862 380 922 ducis
402 860 531 920 furentis
554 861 660 919 timore
684 860 808 936 propius
830 858 975 918 accedere
998 876 1090 917 ansus
1112 863 1236 919 mortem
1260 858 1322 918 eius

197 966 381 1038 observaret,
403 963 539 1040 profecto
562 963 692 1022 numinis
715 962 795 1021 illius
819 980 927 1021 noman
951 961 1065 1021 misisse
1088 965 1322 1021 consentaneum

199 1073 253 1128 est.
296 1069 404 1145 Neque
429 1065 564 1126 divinare
588 1083 754 1142 possumus,
776 1083 835 1141 quo
859 1065 946 1124 modo
962 1069 1066 1141 postea
1083 1069 1269 1141 spectatores
1284 1063 1322 1123 de

199 1170 318 1230 nomine
342 1169 405 1229 eius
428 1169 525 1229 edocti
550 1167 618 1228 sint.
655 1167 738 1241 Quae
763 1184 829 1226 curu
853 1168 895 1226 ita
917 1167 977 1226 sint
992 1166 1039 1225 vel
1055 1166 1092 1225 de
1108 1169 1172 1243 ipsa
1188 1168 1324 1226 Minerva

199 1273 323 1349 cogitari
345 1277 453 1350 potest.
497 1270 585 1344 Quod
610 1271 632 1329 si
657 1271 724 1346 quis
747 1271 899 1343 statuerit,
929 1271 1017 1329 etiam
1048 1270 1086 1330 de
1107 1269 1252 1348 amphora
1273 1269 1324 1330 illa

201 1377 328 1436 Etrusca
352 1374 452 1451 paullo
476 1374 561 1433 aliter
583 1372 775 1432 iudicandum
799 1373 864 1438 crit,
886 1373 1022 1432 nimirum
1039 1373 1205 1434 Charonem
1219 1377 1323 1450 utpote

199 1479 302 1538 mortis
325 1477 595 1555 appropinquantis
617 1476 775 1552 imaginem
800 1475 836 1534 ab
859 1476 924 1551 ipso
948 1475 1060 1534 artifice
1083 1474 1217 1535 additum
1249 1493 1325 1551 esse,

200 1582 364 1640 Minervam
388 1599 455 1640 cum
471 1581 562 1640 Aiace
587 1580 668 1655 loqui
692 1579 777 1654 eique
802 1578 923 1638 fatalem
946 1580 1025 1638 iliam
1050 1581 1185 1656 corporis
1208 1583 1324 1657 partem

198 1683 341 1743 indicare.
386 1681 444 1742 Sed
468 1683 615 1742 utrumvis
638 1685 795 1757 statuatur,
822 1680 852 1740 id
876 1688 956 1741 certe
979 1683 1105 1742 evicisse
1128 1683 1198 1742 mihi
1220 1682 1325 1742 videor

202 1787 366 1863 amphorae
395 1785 472 1844 illins
501 1785 657 1860 imaginem
688 1785 798 1843 rectius
828 1783 865 1842 ad
890 1784 1073 1862 Aeschylum
1098 1805 1187 1862 qnam
1211 1785 1249 1845 ad
1272 1785 1323 1845 So·

204 1889 342 1965 phoclem
366 1888 482 1965 referri,
512 1905 609 1962 neque
641 1905 711 1946 casu
734 1885 843 1946 factum
869 1905 934 1947 esse
957 1892 1039 1965 puto,
1062 1888 1142 1965 qnod
1165 1889 1271 1948 iterum
1294 1891 1324 1948 in

200 1993 327 2052 Etrusco
351 2009 441 2068 opere
465 1989 582 2050 fabulae
605 1990 791 2064 Aeschyleae
814 1991 943 2067 vestigia
966 1990 1223 2067 deprehendimus.

286 2095 419 2154 Tertium
445 2094 606 2166 vasculum,
630 2099 659 2151 et
681 2093 778 2169 ipsum
803 2095 972 2165 Etruscum,
995 2094 1075 2170 quod
1092 2095 1326 2172 Heydemannus

202 2197 349 2274 l.l.p.61
374 2196 582 2258 delineandum
607 2197 737 2266 curavit,
767 2196 903 2256 consulto
926 2196 1054 2272 neglexi.
1097 2199 1174 2256 Nam
1198 2201 1228 2257 et
1250 2200 1325 2258 anti·

203 2300 292 2377 quius
322 2304 366 2359 est
396 2317 485 2377 quam
516 2298 596 2375 quod
628 2317 645 2356 a
675 2298 831 2375 tragoedia
861 2298 994 2375 pendere
1022 2300 1129 2376 possit,
1159 2305 1189 2360 et
1211 2301 1326 2374 mulier,

201 2420 279 2478 qnae
301 2402 341 2460 ibi
363 2400 401 2460 ad
424 2401 598 2461 morientem
632 2401 751 2460 heroem
782 2402 927 2477 accurrit,
958 2421 1016 2461 non
1046 2421 1101 2479 pro
1132 2401 1188 2460 dea
1216 2402 1327 2479 aliqua,

203 2504 255 2565 sed
285 2523 340 2581 pro
371 2504 532 2565 Tecmessa
562 2503 701 2565 habenda
735 2509 794 2581 est,
826 2503 856 2564 id
890 2504 971 2582 quod
1006 2507 1063 2564 iam
1094 2504 1327 2582 Heydemannus

204 2608 316 2668 statuit.

289 2798 322 2857 ln
347 2790 509 2875 Phrygibus
532 2801 648 2857 constat
670 2798 853 2872 Aeschylum
876 2798 1016 2859 Hectoris
1040 2817 1148 2877 corpus
1174 2819 1248 2861 auro
1278 2819 1328 2861 ex-

205 2919 331 2978 pensum
366 2901 485 2978 fecisse,
518 2901 565 2959 cui
599 2900 762 2959 inventioni
797 2919 897 2960 ansam
933 2902 1118 2978 praebebant
1147 2903 1239 2962 verba
1271 2904 1329 2980 illa,

206 3002 315 3079 quibus
347 3002 479 3062 Achilles
513 3001 594 3079 apud
628 2995 791 3062 Homerum
822 3004 953 3064 Hectora
986 3006 1160 3065 morientem
1192 3007 1329 3082 increpat

207 3104 409 3182 postulantem
433 3112 466 3164 ut
488 3122 598 3180 corpus
620 3111 689 3183 post
713 3110 835 3164 mortem
869 3107 1042 3182 parentibus
1075 3108 1225 3167 tradatur:
1257 3094 1329 3166 οὐδ’

208 3200 238 3265 s'c'
261 3223 321 3265 κεν
344 3193 371 3266 o’
390 3192 500 3266 αὐτὸν
520 3202 635 3285 χρυσῷ
658 3196 849 3281 ἐφύσασθαι
873 3194 999 3286 ἀνώγοι
1022 3205 1227 3291 Δαρδανίδης
1250 3208 1329 3289 Πρὶ-

206 3327 299 3388 αμος.
345 3311 430 3370 Hanc
461 3310 590 3370 fabulam
623 3313 718 3371 secuti
750 3316 778 3371 et
808 3312 971 3388 amphorae
993 3314 1205 3387 Tarentinaell
1233 3316 1330 3393 pictor

209 3420 239 3473 et
271 3412 393 3489 opifices
422 3410 579 3485 Romanib
611 3414 742 3475 Hectora
775 3420 991 3491 expresserunt
1023 3415 1098 3476 libra
1131 3418 1330 3478 examinatum

207 3515 371 3592 eademque
402 3516 531 3592 imagine
556 3515 699 3591 Virgilius
730 3517 817 3593 fingit
848 3518 974 3577 Junonis
1003 3519 1144 3595 templum
1175 3519 1330 3596 Carthagi·

208 3619 311 3679 niense
334 3622 470 3678 ornatum
496 3616 583 3689 (Aen.
599 3618 712 3688 1484).
756 3620 844 3694 Quod
868 3622 897 3680 in
921 3622 1107 3699 sarcophago
1124 3622 1254 3700 Ephesio
1270 3623 1330 3682 An·

207 3720 398 3780 dromacham
423 3738 490 3780 cum
513 3722 698 3796 Astyanacte
730 3726 760 3782 et
781 3722 935 3783 Hecubam
967 3724 1099 3783 adiectas
1121 3724 1271 3801 ridemus,
1300 3724 1331 3784 id

276 3937 298 4005 1)
317 3936 466 4004 Exemplar
491 3952 652 4003 expressum
672 3941 716 3991 est
732 3936 806 3992 Mon.
818 3938 845 3992 d.
857 3938 962 3994 Inst.V
976 3943 1014 3993 11.
1050 3939 1196 4009 copiosius
1218 3941 1253 3996 de
1276 3958 1332 3996 am-

208 4021 295 4090 phora
312 4021 384 4095 haud
402 4023 510 4091 tntegra
528 4022 740 4090 disputaverunt
757 4023 897 4079 Benndorl
914 4026 942 4079 in
953 4025 1107 4080 Annalibus
1124 4026 1246 4081 Instituri
1268 4032 1331 4081 1866

204 4126 234 4177 p.
248 4112 297 4162 249
310 4124 347 4162 ss.
374 4108 508 4164 Peterson
519 4108 547 4162 in
559 4108 652 4163 Diario
665 4109 873 4179 archaeologico
885 4111 1021 4167 XXXVII
1034 4116 1099 4166 1879
1111 4128 1138 4179 p.
1150 4117 1188 4168 16.
1217 4114 1332 4180 Robert,

204 4194 270 4248 Bild
286 4210 311 4249 u.
325 4194 393 4249 Lied
410 4210 437 4262 p.
451 4199 491 4248 96.
512 4200 568 4248 142.
603 4195 625 4263 ²)
644 4194 677 4249 ci.
690 4196 819 4263 poculum
837 4202 998 4266 argenteum
1010 4198 1100 4252 Raoul
1111 4198 1246 4253 Roohette
1258 4199 1332 4253 Mon.

204 4280 280 4335 ineu.
299 4284 339 4335 52.
385 4280 530 4335 Ouerbeck
557 4280 627 4335 Gall.
646 4280 702 4336 her.
723 4281 819 4336 Bildw.
841 4287 871 4336 12
899 4288 928 4338 et
954 4283 1152 4353 sarcophagum
1178 4284 1331 4339 Romanum

204 4365 336 4421 Woburn
355 4365 457 4437 Abbey
475 4364 601 4435 (Robert,
621 4364 911 4437 Sarkophag·Relieis
925 4367 997 4423 1147
1010 4369 1045 4441 c).
