3384 5100
347 422 386 480 16

345 573 417 648 ἄντ’
440 575 548 647 αὐτοῦ
577 582 733 649 θέλοντα.
779 591 885 666 Neque
919 590 1015 649 minus
1045 588 1197 648 oraculum
1229 587 1305 647 illud
1335 593 1468 647 amatre

344 697 500 769 acceptum
523 693 661 752 Pitanem
685 693 723 753 ad
745 692 776 751 id
798 698 917 768 tempos
939 692 1072 753 vinetum
1095 691 1272 770 patefecisse
1302 691 1470 751 luculentus

345 796 430 856 testis
453 799 551 855 exstat
572 794 766 856 Philodemus
788 795 818 854 in
842 795 917 855 libro
942 795 979 855 de
1001 797 1112 874 pietate
1134 797 1246 872 scripto
1269 793 1310 873 (p.
1324 799 1364 855 41
1386 793 1469 871 apud

344 895 580 974 Gomperuiumlz
611 891 668 956 καὶ
698 887 760 956 cdv
791 891 976 978 Προμηθέα
1007 887 1151 957 λύεσθαί
1179 907 1282 975 φησιν
1303 886 1469 974 Αἰσχύλος

344 983 396 1058 ὅτι
419 990 458 1058 τὸ
481 988 597 1078 λόγιον
620 989 782 1079 ἐμήνυσεν
806 989 843 1058 τὸ
866 994 945 1076 περὶ
970 994 1116 1073 Θέτιδος,
1140 981 1186 1070 ὥς
1206 985 1315 1078 χρεὼν
1338 991 1387 1079 εἴη
1406 988 1468 1057 τὸν

345 1094 380 1178 ἐξ
402 1086 507 1182 αὐτῆς
528 1097 736 1181 γεννηθέντα
758 1096 903 1180 κρείττω
924 1098 1129 1178 καταστῆναι
1144 1100 1207 1161 τοῦ
1222 1091 1361 1180 πατρός.
1395 1102 1468 1160 Her·

345 1205 441 1265 colem
464 1205 600 1265 nimirum
626 1205 814 1266 liberatorem
837 1223 925 1266 suum
950 1205 1013 1266 fors
1029 1206 1226 1265 Prometheus
1242 1205 1367 1280 sciebat3
1388 1203 1469 1281 quod

344 1313 443 1368 utrum
474 1308 567 1368 invito
590 1308 666 1368 love
689 1328 726 1368 an
751 1309 958 1370 consentiente
981 1314 1157 1369 eventorum
1181 1312 1261 1368 esset
1282 1308 1388 1368 Tellus
1410 1307 1470 1368 filio

346 1431 407 1472 uon
430 1411 625 1472 indicaverat.

432 1550 472 1610 Ut
494 1568 560 1608 oum
576 1551 652 1610 Jove
675 1568 724 1610 res
747 1553 887 1626 ageretur
902 1549 1039 1609 nuntium
1055 1547 1206 1627 quendam
1221 1549 1258 1609 ab
1274 1549 1323 1609 illo
1339 1547 1468 1625 legatum

345 1651 466 1731 prodire
483 1670 606 1711 necesso
619 1657 695 1720 srat;
714 1671 781 1712 nam
795 1653 915 1713 Herculi
933 1657 993 1711 tum
1011 1653 1131 1729 quidem
1148 1652 1248 1711 aditus
1258 1650 1296 1711 ad
1309 1651 1469 1728 Olympum

345 1754 477 1814 nondum
509 1754 639 1830 patebat.
683 1753 820 1814 Eundem
851 1753 888 1813 de
912 1752 1048 1814 Chironis
1080 1756 1176 1813 morte
1198 1753 1312 1813 vicaria
1341 1757 1470 1812 tractare

345 1856 517 1935 oportebat,
554 1857 681 1917 eundem
719 1857 890 1917 vaticinium
929 1857 967 1917 ds
1000 1857 1138 1917 Thetidis
1176 1857 1289 1934 nuptiis
1326 1855 1472 1931 accipere,

346 1960 474 2020 eundem
499 1978 623 2020 narrare
639 1960 741 2020 Jovem
758 1959 897 2020 'Pitanem
921 1960 1034 2020 eatenis
1058 1960 1252 2019 liberaturum
1277 1977 1351 2018 esse.
1388 1956 1470 2017 Idem

346 2063 417 2141 quin
440 2064 560 2124 anulum
585 2063 678 2140 digito
695 2063 863 2124 Promethei
886 2064 1047 2123 inseruerit
1062 2065 1113 2122 vix
1128 2065 1186 2123 iam
1210 2062 1341 2122 dubitari
1365 2064 1471 2138 potest.

346 2167 511 2242 Quemnam
528 2185 600 2226 vero
616 2167 792 2242 gravissimo
807 2167 860 2226 illo
875 2165 1176 2244 praeclarissimoqus
1192 2184 1314 2225 munere
1337 2163 1469 2224 functum

345 2287 412 2329 esse
434 2269 620 2330 statuamus?
660 2271 702 2329 De
725 2271 884 2343 Mercurio,
906 2287 992 2346 quern
1017 2269 1047 2327 in
1071 2287 1217 2346 proxuma
1239 2267 1342 2327 fabula
1365 2268 1472 2325 aPro·

346 2373 462 2432 metheo
497 2391 557 2431 non
591 2373 656 2433 sine
690 2372 891 2433 acerbissimis
924 2371 1040 2432 facetiis
1072 2371 1221 2449 repulsum
1252 2369 1400 2443 videmus,
1433 2387 1470 2427 ne

347 2475 471 2552 cogitari
493 2475 612 2553 quidem
633 2474 702 2536 licet
724 2494 820 2553 oeque
836 2473 989 2534 Oceanum
1005 2475 1110 2535 iterum
1127 2473 1256 2559 osticium
1278 2491 1364 2534 suum
1387 2490 1471 2551 prae·

349 2578 447 2638 buisse
463 2578 626 2639 verisimile
649 2597 714 2639 esse
737 2580 865 2639 videtur.
900 2578 1013 2639 Maiore
1037 2580 1101 2638 iure
1124 2578 1161 2639 ds
1180 2577 1324 2656 Apolline
1346 2575 1471 2653 cogitari

346 2687 454 2761 potest.
498 2682 682 2760 Quamquam
705 2683 731 2741 is
753 2701 872 2759 quoque
895 2700 933 2742 ex
955 2681 1100 2742 iuniorum
1124 2681 1248 2742 deorum
1272 2698 1396 2741 numero
1420 2685 1473 2756 est,

351 2803 425 2863 quos
448 2804 537 2862 quam
560 2788 718 2863 sperneret
739 2785 934 2845 Prometheus
956 2786 986 2845 iu
1009 2786 1110 2864 priore
1132 2784 1233 2844 tabula
1256 2801 1316 2843 non
1345 2783 1472 2842 reticuit.

349 2890 428 2948 hlcco
462 2888 615 2949 Castorem
646 2888 732 2947 offert
764 2888 919 2963 speculum
953 2890 1122 2948 Etruscum.
1180 2889 1228 2947 An
1262 2884 1376 2964 opificis
1409 2884 1472 2944 libi·

349 2990 418 3050 diue
448 2989 478 3049 id
509 2990 619 3051 factum
649 3008 715 3050 esse
749 2990 916 3051 ducamus?
970 2989 1048 3050 Sane
1077 2990 1102 3049 si
1133 2990 1200 3066 quis
1229 2990 1286 3049 hoc
1319 2990 1471 3048 inventum

348 3098 489 3153 accurate
512 3093 720 3171 perpenderit,
747 3096 808 3152 tam
832 3094 954 3170 egregie
977 3093 1179 3169 excogitatum
1202 3092 1347 3163 inveniet,
1379 3095 1413 3150 ut
1433 3088 1472 3149 ad

348 3215 491 3257 summum
523 3203 641 3275 poetam
671 3196 701 3255 id
731 3215 874 3257 revocare
897 3215 956 3256 non
980 3196 1104 3256 dubitet
1147 3196 1254 3256 Castor
1276 3195 1413 3253 nimirum
1435 3193 1472 3251 ab

348 3301 414 3377 ipso
437 3300 512 3359 Jove
534 3318 571 3360 ex
595 3300 710 3360 mortali
735 3308 828 3360 matre
851 3303 1028 3377 procreatus
1044 3299 1157 3377 primns
1173 3300 1303 3359 omnium
1320 3297 1471 3357 hominum

350 3403 462 3462 caelum
487 3404 601 3480 meruit,
623 3421 639 3462 e
661 3403 776 3462 mortali
798 3402 981 3476 immortalis,
1004 3420 1041 3462 ex
1065 3401 1182 3461 bomine
1205 3400 1280 3460 deus
1301 3398 1398 3459 tactus
1418 3401 1471 3456 est

348 3504 433 3579 Quae
469 3506 573 3565 eadem
606 3524 672 3567 sors
705 3507 866 3591 Herculem
900 3508 1006 3565 manet.
1064 3505 1141 3564 Nam
1175 3505 1232 3562 iam
1265 3521 1325 3563 non
1357 3501 1473 3578 spernit

348 3609 487 3685 luppiter
516 3627 611 3685 genus
641 3609 791 3668 hominum
823 3608 933 3668 nedum
964 3607 1091 3685 perdere
1119 3607 1203 3683 velit,
1235 3609 1267 3665 ut
1293 3608 1383 3664 antea
1405 3621 1471 3663 cum

348 3728 424 3770 uuus
447 3711 644 3770 Prometheus
676 3712 702 3772 ei
735 3711 895 3771 obsisteret
924 3714 954 3769 et
980 3711 1018 3769 ab
1040 3709 1123 3769 lovis
1146 3709 1189 3767 ira
1212 3707 1346 3767 homiues
1368 3705 1474 3766 defeu-

349 3814 420 3874 ders
450 3822 618 3889 conaretur,
653 3815 732 3874 unde
762 3815 857 3875 omnis
887 3816 966 3874 inter
996 3813 1084 3873 deum
1118 3831 1153 3871 ac
1183 3811 1321 3870 Pitanem
1356 3813 1472 3870 contro·

350 3918 449 3976 versia
472 3922 538 3978 orta
561 3922 614 3977 est.
651 3918 761 3978 Videas
784 3935 890 3978 versus
913 3919 1094 3979 231-241:

563 4085 696 4167 βροτῶν
719 4082 755 4148 δὲ
776 4086 849 4149 τῶν
871 4079 1099 4166 ταλαιπώρων
1123 4076 1226 4165 λόγον

521 4178 584 4250 οὐκ
607 4182 699 4269 έσχεν
722 4176 842 4265 οὐδέν’,
867 4176 941 4250 ἀλλ’
964 4175 1129 4262 ἅῖστώοας
1151 4182 1249 4268 γένος

519 4281 559 4354 τὸ
582 4291 652 4355 πᾶν
675 4286 808 4374 ἔχρῃζεν
831 4284 914 4354 ἄλλο
938 4291 1075 4371 φιτῦσαι
1098 4287 1186 4353 νέον.

520 4392 577 4456 καὶ
598 4405 709 4458 τοῖσιν
731 4386 841 4469 οὐδεὶς
863 4383 1035 4473 ἀντέβαινε
1056 4387 1149 4475 πλὴν
1171 4386 1261 4473 ἐμοῦ.
