<?xml version="1.0" encoding="UTF-8"?>
<!DOCTYPE html PUBLIC "-//W3C//DTD XHTML 1.0 Transitional//EN"
    "http://www.w3.org/TR/xhtml1/DTD/xhtml1-transitional.dtd">
<html xmlns="http://www.w3.org/1999/xhtml" xml:lang="en" lang="en">
 <head>
  <title>
</title>
<meta http-equiv="Content-Type" content="text/html;charset=utf-8" />
  <meta name='ocr-system' content='tesseract 3.04.00' />
  <meta name='ocr-capabilities' content='ocr_page ocr_carea ocr_par ocr_line ocrx_word'/>
</head>
<body>
  <div class='ocr_page' id='page_1' title='image "./commentationesa01haupgoog_0021.png"; bbox 0 0 3384 5100; ppageno 0'>
   <div class='ocr_carea' id='block_1_1' title="bbox 307 572 1233 1286">
    <p class='ocr_par' dir='ltr' id='par_1_1' title="bbox 309 572 1012 671">
     <span class='ocr_line' id='line_1_1' title="bbox 309 572 1012 671; baseline -0.001 -19"><span class='ocrx_word' id='word_1_1' title='bbox 309 574 376 671; x_wconf 71' lang='grc' dir='ltr'><strong>ἐγώ</strong></span> <span class='ocrx_word' id='word_1_2' title='bbox 400 572 430 652; x_wconf 78' lang='grc' dir='ltr'><strong><em>δ</em></strong></span> <span class='ocrx_word' id='word_1_3' title='bbox 451 574 620 671; x_wconf 78' lang='grc' dir='ltr'><strong><em>ἕτόλμησ”</em></strong></span> <span class='ocrx_word' id='word_1_4' title='bbox 645 577 844 668; x_wconf 77' lang='grc' dir='ltr'><strong><em>ἐξελυσάμην</em></strong></span> <span class='ocrx_word' id='word_1_5' title='bbox 865 575 1012 666; x_wconf 71' lang='grc' dir='ltr'><strong><em>βροτοὺς</em></strong></span> 
     </span>
    </p>

    <p class='ocr_par' dir='ltr' id='par_1_2' title="bbox 309 681 1064 774">
     <span class='ocr_line' id='line_1_2' title="bbox 309 681 1064 774; baseline -0.007 -21"><span class='ocrx_word' id='word_1_6' title='bbox 309 684 350 754; x_wconf 84' lang='grc' dir='ltr'><strong>τὸ</strong></span> <span class='ocrx_word' id='word_1_7' title='bbox 371 681 414 774; x_wconf 82' lang='grc' dir='ltr'><strong>μὴ</strong></span> <span class='ocrx_word' id='word_1_8' title='bbox 437 686 716 773; x_wconf 76' lang='grc' dir='ltr'><strong><em>διαρραισθέντας</em></strong></span> <span class='ocrx_word' id='word_1_9' title='bbox 738 683 785 762; x_wconf 81' lang='grc' dir='ltr'><strong>εἰς</strong></span> <span class='ocrx_word' id='word_1_10' title='bbox 806 681 916 750; x_wconf 70' lang='grc' dir='ltr'><strong><em>Αἴδου</em></strong></span> <span class='ocrx_word' id='word_1_11' title='bbox 936 687 1064 768; x_wconf 78' lang='grc' dir='ltr'><em>μολεῖν.</em></span> 
     </span>
    </p>

    <p class='ocr_par' dir='ltr' id='par_1_3' title="bbox 308 782 1035 876">
     <span class='ocr_line' id='line_1_3' title="bbox 308 782 1035 876; baseline -0.01 -20"><span class='ocrx_word' id='word_1_12' title='bbox 308 793 359 876; x_wconf 78' lang='grc' dir='ltr'><strong>τῷ</strong></span> <span class='ocrx_word' id='word_1_13' title='bbox 381 813 435 855; x_wconf 92' lang='grc' dir='ltr'><strong>τοι</strong></span> <span class='ocrx_word' id='word_1_14' title='bbox 457 791 605 855; x_wconf 81' lang='grc' dir='ltr'><strong><em>τοιαῖσδε</em></strong></span> <span class='ocrx_word' id='word_1_15' title='bbox 626 799 809 874; x_wconf 79' lang='grc' dir='ltr'><strong><em>πημοναῖσι</em></strong></span> <span class='ocrx_word' id='word_1_16' title='bbox 831 782 1035 871; x_wconf 79' lang='grc' dir='ltr'><strong><em>κάμπτομαι,</em></strong></span> 
     </span>
    </p>

    <p class='ocr_par' dir='ltr' id='par_1_4' title="bbox 307 879 1233 1183">
     <span class='ocr_line' id='line_1_4' title="bbox 307 879 1147 977; baseline -0.007 -18"><span class='ocrx_word' id='word_1_17' title='bbox 307 890 447 977; x_wconf 79' lang='grc' dir='ltr'><strong><em>πάσχειν</em></strong></span> <span class='ocrx_word' id='word_1_18' title='bbox 469 891 530 977; x_wconf 77' lang='grc' dir='ltr'><strong>μὲν</strong></span> <span class='ocrx_word' id='word_1_19' title='bbox 553 883 767 977; x_wconf 80' lang='grc' dir='ltr'><strong><em>ἀλγειναῖσιν,</em></strong></span> <span class='ocrx_word' id='word_1_20' title='bbox 790 888 979 973; x_wconf 84' lang='grc' dir='ltr'><strong><em>οἰκτραῖσιν</em></strong></span> <span class='ocrx_word' id='word_1_21' title='bbox 1002 879 1031 954; x_wconf 81' lang='grc' dir='ltr'><strong>δ’</strong></span> <span class='ocrx_word' id='word_1_22' title='bbox 1054 887 1147 953; x_wconf 81' lang='grc' dir='ltr'><strong><em>ἰδεῖν.</em></strong></span> 
     </span>
     <span class='ocr_line' id='line_1_5' title="bbox 310 985 1233 1082; baseline -0.007 -21"><span class='ocrx_word' id='word_1_23' title='bbox 310 992 460 1082; x_wconf 80' lang='grc' dir='ltr'><strong><em>θνητοὺς</em></strong></span> <span class='ocrx_word' id='word_1_24' title='bbox 483 987 512 1060; x_wconf 77' lang='grc' dir='ltr'><strong>δ’</strong></span> <span class='ocrx_word' id='word_1_25' title='bbox 536 993 572 1060; x_wconf 83' lang='grc' dir='ltr'><strong>ὲν</strong></span> <span class='ocrx_word' id='word_1_26' title='bbox 595 993 701 1080; x_wconf 80' lang='grc' dir='ltr'><strong><em>ολκτῳ</em></strong></span> <span class='ocrx_word' id='word_1_27' title='bbox 722 993 875 1078; x_wconf 75' lang='grc' dir='ltr'><strong><em>θέμενος,</em></strong></span> <span class='ocrx_word' id='word_1_28' title='bbox 898 985 957 1058; x_wconf 75' lang='grc' dir='ltr'><strong><em>εἰτ’</em></strong></span> <span class='ocrx_word' id='word_1_29' title='bbox 980 989 1098 1056; x_wconf 75' lang='grc' dir='ltr'><strong><em>οἴκτου</em></strong></span> <span class='ocrx_word' id='word_1_30' title='bbox 1120 1003 1233 1075; x_wconf 88' lang='grc' dir='ltr'><strong><em>τυχεῖν</em></strong></span> 
     </span>
     <span class='ocr_line' id='line_1_6' title="bbox 309 1087 941 1183; baseline -0.008 -20"><span class='ocrx_word' id='word_1_31' title='bbox 309 1088 372 1164; x_wconf 77' lang='grc' dir='ltr'><strong>οὐκ</strong></span> <span class='ocrx_word' id='word_1_32' title='bbox 394 1090 546 1183; x_wconf 76' lang='grc' dir='ltr'><strong><em>ἠξιώθην</em></strong></span> <span class='ocrx_word' id='word_1_33' title='bbox 567 1087 682 1176; x_wconf 72' lang='grc' dir='ltr'><strong><em>αὐτὸς,</em></strong></span> <span class='ocrx_word' id='word_1_34' title='bbox 706 1089 790 1161; x_wconf 78' lang='grc' dir='ltr'><strong><em>ἀλλὰ</em></strong></span> <span class='ocrx_word' id='word_1_35' title='bbox 812 1096 941 1182; x_wconf 81' lang='grc' dir='ltr'><strong><em>νηλεῶς</em></strong></span> 
     </span>
    </p>

    <p class='ocr_par' dir='ltr' id='par_1_5' title="bbox 311 1191 1010 1286">
     <span class='ocr_line' id='line_1_7' title="bbox 311 1191 1010 1286; baseline -0.01 -18"><span class='ocrx_word' id='word_1_36' title='bbox 311 1191 371 1268; x_wconf 70' lang='lat' dir='ltr'><strong>dd</strong></span> <span class='ocrx_word' id='word_1_37' title='bbox 394 1196 626 1286; x_wconf 76' lang='grc' dir='ltr'><strong><em>ἐρρύθμισμαι,</em></strong></span> <span class='ocrx_word' id='word_1_38' title='bbox 649 1199 731 1285; x_wconf 83' lang='grc' dir='ltr'><strong><em>Ζηνὶ</em></strong></span> <span class='ocrx_word' id='word_1_39' title='bbox 754 1193 914 1285; x_wconf 83' lang='grc' dir='ltr'><strong><em>δυσκλεὴς</em></strong></span> <span class='ocrx_word' id='word_1_40' title='bbox 936 1196 1010 1262; x_wconf 82' lang='grc' dir='ltr'><strong><em>θέα.</em></strong></span> 
     </span>
    </p>
   </div>
   <div class='ocr_carea' id='block_1_2' title="bbox 226 1374 1436 4007">
    <p class='ocr_par' dir='ltr' id='par_1_6' title="bbox 226 1374 1436 4007">
     <span class='ocr_line' id='line_1_8' title="bbox 226 1374 1350 1453; baseline -0.005 -14"><span class='ocrx_word' id='word_1_41' title='bbox 226 1381 317 1439; x_wconf 94' lang='lat' dir='ltr'><strong>Immo</strong></span> <span class='ocrx_word' id='word_1_42' title='bbox 352 1396 432 1438; x_wconf 91' lang='lat' dir='ltr'><strong>nunc</strong></span> <span class='ocrx_word' id='word_1_43' title='bbox 464 1378 544 1453; x_wconf 88' lang='lat' dir='ltr'><strong>ipsos</strong></span> <span class='ocrx_word' id='word_1_44' title='bbox 577 1394 646 1437; x_wconf 90' lang='lat' dir='ltr'><strong>suos</strong></span> <span class='ocrx_word' id='word_1_45' title='bbox 680 1375 756 1435; x_wconf 89' lang='lat' dir='ltr'><strong>filios</strong></span> <span class='ocrx_word' id='word_1_46' title='bbox 790 1395 826 1435; x_wconf 85' lang='lat' dir='ltr'><strong>ex</strong></span> <span class='ocrx_word' id='word_1_47' title='bbox 856 1374 1030 1436; x_wconf 80' lang='lat' dir='ltr'><strong>mortalibus</strong></span> <span class='ocrx_word' id='word_1_48' title='bbox 1060 1375 1204 1434; x_wconf 89' lang='lat' dir='ltr'><strong>matribus</strong></span> <span class='ocrx_word' id='word_1_49' title='bbox 1233 1378 1350 1436; x_wconf 87' lang='lat' dir='ltr'><strong>creatos</strong></span> 
     </span>
     <span class='ocr_line' id='line_1_9' title="bbox 226 1477 1350 1560; baseline -0.006 -17"><span class='ocrx_word' id='word_1_50' title='bbox 226 1483 364 1560; x_wconf 86' lang='lat' dir='ltr'><strong>Juppiter</strong></span> <span class='ocrx_word' id='word_1_51' title='bbox 394 1480 561 1540; x_wconf 85' lang='lat' dir='ltr'><strong>hominibus</strong></span> <span class='ocrx_word' id='word_1_52' title='bbox 591 1485 620 1538; x_wconf 89' lang='lat' dir='ltr'><strong>et</strong></span> <span class='ocrx_word' id='word_1_53' title='bbox 648 1478 760 1538; x_wconf 91' lang='lat' dir='ltr'><strong>lumina</strong></span> <span class='ocrx_word' id='word_1_54' title='bbox 789 1479 907 1538; x_wconf 89' lang='lat' dir='ltr'><strong>virtutis</strong></span> <span class='ocrx_word' id='word_1_55' title='bbox 937 1482 967 1536; x_wconf 91' lang='lat' dir='ltr'><strong>et</strong></span> <span class='ocrx_word' id='word_1_56' title='bbox 997 1478 1101 1538; x_wconf 90' lang='lat' dir='ltr'><strong>salutis</strong></span> <span class='ocrx_word' id='word_1_57' title='bbox 1134 1482 1272 1537; x_wconf 80' lang='lat' dir='ltr'><strong>auctores</strong></span> <span class='ocrx_word' id='word_1_58' title='bbox 1304 1477 1350 1536; x_wconf 89' lang='lat' dir='ltr'><strong>in·</strong></span> 
     </span>
     <span class='ocr_line' id='line_1_10' title="bbox 226 1579 1351 1658; baseline -0.006 -13"><span class='ocrx_word' id='word_1_59' title='bbox 226 1587 331 1646; x_wconf 87' lang='lat' dir='ltr'><strong>stituit.</strong></span> <span class='ocrx_word' id='word_1_60' title='bbox 374 1585 470 1642; x_wconf 81' lang='lat' dir='ltr'><strong>Etiam</strong></span> <span class='ocrx_word' id='word_1_61' title='bbox 494 1602 561 1642; x_wconf 89' lang='lat' dir='ltr'><strong>cum</strong></span> <span class='ocrx_word' id='word_1_62' title='bbox 584 1581 743 1641; x_wconf 76' lang='lat' dir='ltr'><strong>Titanibus</strong></span> <span class='ocrx_word' id='word_1_63' title='bbox 766 1599 869 1658; x_wconf 88' lang='lat' dir='ltr'><strong>pacem</strong></span> <span class='ocrx_word' id='word_1_64' title='bbox 893 1580 971 1654; x_wconf 84' lang='lat' dir='ltr'><strong>iniit,</strong></span> <span class='ocrx_word' id='word_1_65' title='bbox 1001 1581 1052 1656; x_wconf 89' lang='lat' dir='ltr'><strong>qui</strong></span> <span class='ocrx_word' id='word_1_66' title='bbox 1079 1599 1159 1640; x_wconf 89' lang='lat' dir='ltr'><strong>nunc</strong></span> <span class='ocrx_word' id='word_1_67' title='bbox 1183 1581 1239 1658; x_wconf 89' lang='lat' dir='ltr'><strong>ipsi</strong></span> <span class='ocrx_word' id='word_1_68' title='bbox 1261 1579 1351 1640; x_wconf 89' lang='lat' dir='ltr'><strong>soloti</strong></span> 
     </span>
     <span class='ocr_line' id='line_1_11' title="bbox 226 1684 1350 1761; baseline -0.005 -15"><span class='ocrx_word' id='word_1_69' title='bbox 226 1690 256 1747; x_wconf 92' lang='lat' dir='ltr'><strong>in</strong></span> <span class='ocrx_word' id='word_1_70' title='bbox 288 1705 397 1747; x_wconf 86' lang='lat' dir='ltr'><strong>scaena</strong></span> <span class='ocrx_word' id='word_1_71' title='bbox 427 1685 543 1745; x_wconf 87' lang='lat' dir='ltr'><strong>adsunt.</strong></span> <span class='ocrx_word' id='word_1_72' title='bbox 591 1686 688 1745; x_wconf 77' lang='lat' dir='ltr'><strong>Totus</strong></span> <span class='ocrx_word' id='word_1_73' title='bbox 721 1684 847 1744; x_wconf 89' lang='lat' dir='ltr'><strong>mundus</strong></span> <span class='ocrx_word' id='word_1_74' title='bbox 875 1687 1002 1761; x_wconf 87' lang='lat' dir='ltr'><strong>pacatus</strong></span> <span class='ocrx_word' id='word_1_75' title='bbox 1031 1687 1088 1760; x_wconf 82' lang='lat' dir='ltr'><strong>est3</strong></span> <span class='ocrx_word' id='word_1_76' title='bbox 1123 1703 1182 1743; x_wconf 92' lang='lat' dir='ltr'><strong>non</strong></span> <span class='ocrx_word' id='word_1_77' title='bbox 1213 1701 1350 1743; x_wconf 89' lang='lat' dir='ltr'><strong>severum</strong></span> 
     </span>
     <span class='ocr_line' id='line_1_12' title="bbox 228 1785 1349 1865; baseline -0.005 -16"><span class='ocrx_word' id='word_1_78' title='bbox 228 1790 439 1865; x_wconf 78' lang='lat' dir='ltr'><strong>crudelemque</strong></span> <span class='ocrx_word' id='word_1_79' title='bbox 454 1793 622 1865; x_wconf 86' lang='lat' dir='ltr'><strong>tyrannum,</strong></span> <span class='ocrx_word' id='word_1_80' title='bbox 637 1791 671 1846; x_wconf 91' lang='lat' dir='ltr'><strong>ut</strong></span> <span class='ocrx_word' id='word_1_81' title='bbox 685 1787 882 1847; x_wconf 81' lang='lat' dir='ltr'><strong>Prometheus</strong></span> <span class='ocrx_word' id='word_1_82' title='bbox 898 1786 1085 1863; x_wconf 84' lang='lat' dir='ltr'><strong>clamaverat,</strong></span> <span class='ocrx_word' id='word_1_83' title='bbox 1107 1786 1160 1846; x_wconf 85' lang='lat' dir='ltr'><strong>sed</strong></span> <span class='ocrx_word' id='word_1_84' title='bbox 1175 1785 1349 1846; x_wconf 88' lang='lat' dir='ltr'><strong>clementem</strong></span> 
     </span>
     <span class='ocr_line' id='line_1_13' title="bbox 227 1888 1349 1968; baseline -0.006 -16"><span class='ocrx_word' id='word_1_85' title='bbox 227 1893 458 1968; x_wconf 79' lang='lat' dir='ltr'><strong>gubernatorem</strong></span> <span class='ocrx_word' id='word_1_86' title='bbox 492 1896 582 1967; x_wconf 90' lang='lat' dir='ltr'><strong>atquc</strong></span> <span class='ocrx_word' id='word_1_87' title='bbox 616 1889 776 1966; x_wconf 89' lang='lat' dir='ltr'><strong>benignum</strong></span> <span class='ocrx_word' id='word_1_88' title='bbox 809 1893 924 1966; x_wconf 91' lang='lat' dir='ltr'><strong>patrem</strong></span> <span class='ocrx_word' id='word_1_89' title='bbox 955 1889 1094 1967; x_wconf 87' lang='lat' dir='ltr'><strong>Juppiter</strong></span> <span class='ocrx_word' id='word_1_90' title='bbox 1128 1907 1161 1948; x_wconf 89' lang='lat' dir='ltr'><strong>se</strong></span> <span class='ocrx_word' id='word_1_91' title='bbox 1194 1888 1349 1967; x_wconf 89' lang='lat' dir='ltr'><strong>praestitit.</strong></span> 
     </span>
     <span class='ocr_line' id='line_1_14' title="bbox 228 1991 1351 2070; baseline -0.004 -16"><span class='ocrx_word' id='word_1_92' title='bbox 228 1995 312 2054; x_wconf 89' lang='lat' dir='ltr'><strong>Unus</strong></span> <span class='ocrx_word' id='word_1_93' title='bbox 334 1995 365 2052; x_wconf 91' lang='lat' dir='ltr'><strong>in</strong></span> <span class='ocrx_word' id='word_1_94' title='bbox 387 1993 511 2070; x_wconf 90' lang='lat' dir='ltr'><strong>antiquo</strong></span> <span class='ocrx_word' id='word_1_95' title='bbox 534 1992 602 2053; x_wconf 93' lang='lat' dir='ltr'><strong>odio</strong></span> <span class='ocrx_word' id='word_1_96' title='bbox 625 1993 830 2070; x_wconf 89' lang='lat' dir='ltr'><strong>perseveravit</strong></span> <span class='ocrx_word' id='word_1_97' title='bbox 852 1993 1058 2052; x_wconf 88' lang='lat' dir='ltr'><strong>Prometheus.</strong></span> <span class='ocrx_word' id='word_1_98' title='bbox 1102 1991 1193 2052; x_wconf 88' lang='lat' dir='ltr'><strong>Cuius</strong></span> <span class='ocrx_word' id='word_1_99' title='bbox 1215 1992 1260 2050; x_wconf 87' lang='lat' dir='ltr'><strong>ira</strong></span> <span class='ocrx_word' id='word_1_100' title='bbox 1282 1991 1351 2050; x_wconf 87' lang='lat' dir='ltr'><strong>huic</strong></span> 
     </span>
     <span class='ocr_line' id='line_1_15' title="bbox 227 2091 1351 2170; baseline -0.004 -16"><span class='ocrx_word' id='word_1_101' title='bbox 227 2095 282 2156; x_wconf 91' lang='lat' dir='ltr'><strong>toti</strong></span> <span class='ocrx_word' id='word_1_102' title='bbox 312 2099 369 2154; x_wconf 87' lang='lat' dir='ltr'><strong>tam</strong></span> <span class='ocrx_word' id='word_1_103' title='bbox 400 2094 487 2156; x_wconf 87' lang='lat' dir='ltr'><strong>beato</strong></span> <span class='ocrx_word' id='word_1_104' title='bbox 520 2093 617 2153; x_wconf 91' lang='lat' dir='ltr'><strong>ordini</strong></span> <span class='ocrx_word' id='word_1_105' title='bbox 649 2113 748 2154; x_wconf 89' lang='lat' dir='ltr'><strong>rerum</strong></span> <span class='ocrx_word' id='word_1_106' title='bbox 778 2099 837 2166; x_wconf 81' lang='lat' dir='ltr'><strong>tam</strong></span> <span class='ocrx_word' id='word_1_107' title='bbox 861 2094 1031 2170; x_wconf 89' lang='lat' dir='ltr'><strong>periculosa</strong></span> <span class='ocrx_word' id='word_1_108' title='bbox 1054 2098 1087 2153; x_wconf 93' lang='lat' dir='ltr'><strong>ut</strong></span> <span class='ocrx_word' id='word_1_109' title='bbox 1108 2094 1253 2168; x_wconf 84' lang='lat' dir='ltr'><strong>flectatur,</strong></span> <span class='ocrx_word' id='word_1_110' title='bbox 1284 2091 1351 2169; x_wconf 89' lang='lat' dir='ltr'><strong>quis</strong></span> 
     </span>
     <span class='ocr_line' id='line_1_16' title="bbox 228 2195 1351 2274; baseline -0.004 -17"><span class='ocrx_word' id='word_1_111' title='bbox 228 2198 333 2258; x_wconf 88' lang='lat' dir='ltr'><strong>molius</strong></span> <span class='ocrx_word' id='word_1_112' title='bbox 365 2195 483 2257; x_wconf 83' lang='lat' dir='ltr'><strong>efficere</strong></span> <span class='ocrx_word' id='word_1_113' title='bbox 517 2197 614 2274; x_wconf 89' lang='lat' dir='ltr'><strong>potuit</strong></span> <span class='ocrx_word' id='word_1_114' title='bbox 647 2216 735 2274; x_wconf 90' lang='lat' dir='ltr'><strong>quam</strong></span> <span class='ocrx_word' id='word_1_115' title='bbox 765 2196 880 2268; x_wconf 87' lang='lat' dir='ltr'><strong>Castor,</strong></span> <span class='ocrx_word' id='word_1_116' title='bbox 913 2198 996 2257; x_wconf 87' lang='lat' dir='ltr'><strong>Jovis</strong></span> <span class='ocrx_word' id='word_1_117' title='bbox 1028 2197 1058 2256; x_wconf 90' lang='lat' dir='ltr'><strong>in</strong></span> <span class='ocrx_word' id='word_1_118' title='bbox 1090 2197 1230 2257; x_wconf 76' lang='lat' dir='ltr'><strong>mortales</strong></span> <span class='ocrx_word' id='word_1_119' title='bbox 1263 2196 1351 2254; x_wconf 90' lang='lat' dir='ltr'><strong>bene·</strong></span> 
     </span>
     <span class='ocr_line' id='line_1_17' title="bbox 228 2296 1352 2377; baseline -0.003 -18"><span class='ocrx_word' id='word_1_120' title='bbox 228 2301 377 2361; x_wconf 85' lang='lat' dir='ltr'><strong>velentiae</strong></span> <span class='ocrx_word' id='word_1_121' title='bbox 407 2300 673 2360; x_wconf 89' lang='lat' dir='ltr'><strong>luculentissimum</strong></span> <span class='ocrx_word' id='word_1_122' title='bbox 704 2300 877 2377; x_wconf 84' lang='lat' dir='ltr'><strong>exemplar?</strong></span> <span class='ocrx_word' id='word_1_123' title='bbox 921 2299 1047 2360; x_wconf 85' lang='lat' dir='ltr'><strong>Accedit</strong></span> <span class='ocrx_word' id='word_1_124' title='bbox 1076 2299 1157 2377; x_wconf 91' lang='lat' dir='ltr'><strong>quod</strong></span> <span class='ocrx_word' id='word_1_125' title='bbox 1190 2296 1352 2359; x_wconf 87' lang='lat' dir='ltr'><strong>similitudo</strong></span> 
     </span>
     <span class='ocr_line' id='line_1_18' title="bbox 228 2401 1353 2480; baseline -0.004 -18"><span class='ocrx_word' id='word_1_126' title='bbox 228 2402 375 2480; x_wconf 88' lang='lat' dir='ltr'><strong>quaedam</strong></span> <span class='ocrx_word' id='word_1_127' title='bbox 399 2403 529 2463; x_wconf 91' lang='lat' dir='ltr'><strong>Castoris</strong></span> <span class='ocrx_word' id='word_1_128' title='bbox 551 2401 743 2479; x_wconf 88' lang='lat' dir='ltr'><strong>Pollucisque</strong></span> <span class='ocrx_word' id='word_1_129' title='bbox 773 2401 992 2462; x_wconf 87' lang='lat' dir='ltr'><strong>cousuetudine</strong></span> <span class='ocrx_word' id='word_1_130' title='bbox 1023 2421 1089 2462; x_wconf 89' lang='lat' dir='ltr'><strong>cum</strong></span> <span class='ocrx_word' id='word_1_131' title='bbox 1112 2403 1292 2470; x_wconf 88' lang='lat' dir='ltr'><strong>Prometheo</strong></span> <span class='ocrx_word' id='word_1_132' title='bbox 1323 2403 1353 2459; x_wconf 92' lang='lat' dir='ltr'><strong>et</strong></span> 
     </span>
     <span class='ocr_line' id='line_1_19' title="bbox 229 2503 1353 2593; baseline -0.003 -27"><span class='ocrx_word' id='word_1_133' title='bbox 229 2505 359 2567; x_wconf 77' lang='lat' dir='ltr'><strong>Chirone</strong></span> <span class='ocrx_word' id='word_1_134' title='bbox 382 2504 549 2583; x_wconf 86' lang='lat' dir='ltr'><strong>intercedit,</strong></span> <span class='ocrx_word' id='word_1_135' title='bbox 572 2523 659 2582; x_wconf 92' lang='lat' dir='ltr'><strong>quam</strong></span> <span class='ocrx_word' id='word_1_136' title='bbox 682 2506 712 2564; x_wconf 91' lang='lat' dir='ltr'><strong>in</strong></span> <span class='ocrx_word' id='word_1_137' title='bbox 733 2523 821 2593; x_wconf 87' lang='lat' dir='ltr'><strong>¹suum</strong></span> <span class='ocrx_word' id='word_1_138' title='bbox 844 2523 932 2565; x_wconf 90' lang='lat' dir='ltr'><strong>usum</strong></span> <span class='ocrx_word' id='word_1_139' title='bbox 947 2510 1037 2584; x_wconf 71' lang='lat' dir='ltr'><strong>poeta</strong></span> <span class='ocrx_word' id='word_1_140' title='bbox 1052 2510 1227 2567; x_wconf 89' lang='lat' dir='ltr'><strong>convertere</strong></span> <span class='ocrx_word' id='word_1_141' title='bbox 1248 2503 1353 2584; x_wconf 89' lang='lat' dir='ltr'><strong>potnit.</strong></span> 
     </span>
     <span class='ocr_line' id='line_1_20' title="bbox 228 2608 1353 2686; baseline -0.001 -18"><span class='ocrx_word' id='word_1_142' title='bbox 228 2610 276 2668; x_wconf 86' lang='lat' dir='ltr'><strong>Ne</strong></span> <span class='ocrx_word' id='word_1_143' title='bbox 292 2609 401 2669; x_wconf 84' lang='lat' dir='ltr'><strong>Pollux</strong></span> <span class='ocrx_word' id='word_1_144' title='bbox 417 2609 496 2686; x_wconf 91' lang='lat' dir='ltr'><strong>apud</strong></span> <span class='ocrx_word' id='word_1_145' title='bbox 512 2610 625 2669; x_wconf 86' lang='lat' dir='ltr'><strong>inferos</strong></span> <span class='ocrx_word' id='word_1_146' title='bbox 641 2626 760 2686; x_wconf 89' lang='lat' dir='ltr'><strong>semper</strong></span> <span class='ocrx_word' id='word_1_147' title='bbox 775 2613 952 2680; x_wconf 88' lang='lat' dir='ltr'><strong>moraretur,</strong></span> <span class='ocrx_word' id='word_1_148' title='bbox 974 2608 1079 2669; x_wconf 83' lang='lat' dir='ltr'><strong>Castor</strong></span> <span class='ocrx_word' id='word_1_149' title='bbox 1101 2608 1226 2669; x_wconf 89' lang='lat' dir='ltr'><strong>alternis</strong></span> <span class='ocrx_word' id='word_1_150' title='bbox 1248 2608 1353 2668; x_wconf 90' lang='lat' dir='ltr'><strong>diebus</strong></span> 
     </span>
     <span class='ocr_line' id='line_1_21' title="bbox 230 2710 1352 2789; baseline -0.002 -18"><span class='ocrx_word' id='word_1_151' title='bbox 230 2729 296 2771; x_wconf 91' lang='lat' dir='ltr'><strong>oum</strong></span> <span class='ocrx_word' id='word_1_152' title='bbox 319 2712 369 2771; x_wconf 94' lang='lat' dir='ltr'><strong>illo</strong></span> <span class='ocrx_word' id='word_1_153' title='bbox 392 2713 448 2772; x_wconf 90' lang='lat' dir='ltr'><strong>sub</strong></span> <span class='ocrx_word' id='word_1_154' title='bbox 471 2715 564 2789; x_wconf 87' lang='lat' dir='ltr'><strong>terra,</strong></span> <span class='ocrx_word' id='word_1_155' title='bbox 592 2712 641 2770; x_wconf 92' lang='lat' dir='ltr'><strong>ille</strong></span> <span class='ocrx_word' id='word_1_156' title='bbox 665 2729 732 2771; x_wconf 92' lang='lat' dir='ltr'><strong>oum</strong></span> <span class='ocrx_word' id='word_1_157' title='bbox 756 2710 880 2771; x_wconf 80' lang='lat' dir='ltr'><strong>Castore</strong></span> <span class='ocrx_word' id='word_1_158' title='bbox 903 2712 932 2771; x_wconf 89' lang='lat' dir='ltr'><strong>in</strong></span> <span class='ocrx_word' id='word_1_159' title='bbox 956 2711 1038 2771; x_wconf 88' lang='lat' dir='ltr'><strong>caelo</strong></span> <span class='ocrx_word' id='word_1_160' title='bbox 1062 2713 1245 2772; x_wconf 88' lang='lat' dir='ltr'><strong>morabatur:</strong></span> <span class='ocrx_word' id='word_1_161' title='bbox 1276 2711 1352 2772; x_wconf 91' lang='lat' dir='ltr'><strong>simi·</strong></span> 
     </span>
     <span class='ocr_line' id='line_1_22' title="bbox 229 2813 1353 2893; baseline 0 -19"><span class='ocrx_word' id='word_1_162' title='bbox 229 2816 298 2875; x_wconf 90' lang='lat' dir='ltr'><strong>liter</strong></span> <span class='ocrx_word' id='word_1_163' title='bbox 319 2834 374 2893; x_wconf 89' lang='lat' dir='ltr'><strong>pro</strong></span> <span class='ocrx_word' id='word_1_164' title='bbox 398 2815 574 2875; x_wconf 88' lang='lat' dir='ltr'><strong>Prometheo</strong></span> <span class='ocrx_word' id='word_1_165' title='bbox 599 2818 760 2874; x_wconf 85' lang='lat' dir='ltr'><strong>centaurus</strong></span> <span class='ocrx_word' id='word_1_166' title='bbox 781 2813 942 2873; x_wconf 89' lang='lat' dir='ltr'><strong>insanabili</strong></span> <span class='ocrx_word' id='word_1_167' title='bbox 962 2815 1088 2875; x_wconf 88' lang='lat' dir='ltr'><strong>vulnere</strong></span> <span class='ocrx_word' id='word_1_168' title='bbox 1110 2816 1253 2875; x_wconf 90' lang='lat' dir='ltr'><strong>laborans</strong></span> <span class='ocrx_word' id='word_1_169' title='bbox 1276 2815 1353 2874; x_wconf 89' lang='lat' dir='ltr'><strong>ultro</strong></span> 
     </span>
     <span class='ocr_line' id='line_1_23' title="bbox 229 2916 1353 2995; baseline -0.001 -18"><span class='ocrx_word' id='word_1_170' title='bbox 229 2918 268 2977; x_wconf 88' lang='lat' dir='ltr'><strong>ad</strong></span> <span class='ocrx_word' id='word_1_171' title='bbox 285 2916 396 2979; x_wconf 89' lang='lat' dir='ltr'><strong>Orcum</strong></span> <span class='ocrx_word' id='word_1_172' title='bbox 420 2916 582 2977; x_wconf 90' lang='lat' dir='ltr'><strong>descendit.</strong></span> <span class='ocrx_word' id='word_1_173' title='bbox 619 2917 757 2993; x_wconf 87' lang='lat' dir='ltr'><strong>Denique</strong></span> <span class='ocrx_word' id='word_1_174' title='bbox 780 2917 924 2976; x_wconf 88' lang='lat' dir='ltr'><strong>neminem</strong></span> <span class='ocrx_word' id='word_1_175' title='bbox 948 2916 1025 2994; x_wconf 85' lang='lat' dir='ltr'><strong>fugit</strong></span> <span class='ocrx_word' id='word_1_176' title='bbox 1047 2936 1137 2995; x_wconf 91' lang='lat' dir='ltr'><strong>quam</strong></span> <span class='ocrx_word' id='word_1_177' title='bbox 1160 2916 1281 2994; x_wconf 88' lang='lat' dir='ltr'><strong>egregie</strong></span> <span class='ocrx_word' id='word_1_178' title='bbox 1305 2916 1353 2976; x_wconf 91' lang='lat' dir='ltr'><strong>hio</strong></span> 
     </span>
     <span class='ocr_line' id='line_1_24' title="bbox 230 3017 1352 3095; baseline -0.001 -17"><span class='ocrx_word' id='word_1_179' title='bbox 230 3018 352 3079; x_wconf 88' lang='lat' dir='ltr'><strong>alterius</strong></span> <span class='ocrx_word' id='word_1_180' title='bbox 375 3018 492 3079; x_wconf 87' lang='lat' dir='ltr'><strong>fabulae</strong></span> <span class='ocrx_word' id='word_1_181' title='bbox 515 3019 612 3078; x_wconf 87' lang='lat' dir='ltr'><strong>exitus</strong></span> <span class='ocrx_word' id='word_1_182' title='bbox 635 3037 701 3078; x_wconf 88' lang='lat' dir='ltr'><strong>cum</strong></span> <span class='ocrx_word' id='word_1_183' title='bbox 724 3019 832 3095; x_wconf 90' lang='lat' dir='ltr'><strong>prioris</strong></span> <span class='ocrx_word' id='word_1_184' title='bbox 855 3017 975 3079; x_wconf 86' lang='lat' dir='ltr'><strong>fabulae</strong></span> <span class='ocrx_word' id='word_1_185' title='bbox 998 3020 1081 3079; x_wconf 91' lang='lat' dir='ltr'><strong>initio</strong></span> <span class='ocrx_word' id='word_1_186' title='bbox 1105 3020 1281 3081; x_wconf 89' lang='lat' dir='ltr'><strong>consentiat.</strong></span> <span class='ocrx_word' id='word_1_187' title='bbox 1317 3019 1352 3078; x_wconf 90' lang='lat' dir='ltr'><strong>ln</strong></span> 
     </span>
     <span class='ocr_line' id='line_1_25' title="bbox 231 3120 1354 3201; baseline -0.001 -21"><span class='ocrx_word' id='word_1_188' title='bbox 231 3121 331 3181; x_wconf 88' lang='lat' dir='ltr'><strong>Vincti</strong></span> <span class='ocrx_word' id='word_1_189' title='bbox 362 3121 488 3198; x_wconf 84' lang='lat' dir='ltr'><strong>prologo</strong></span> <span class='ocrx_word' id='word_1_190' title='bbox 511 3120 613 3181; x_wconf 86' lang='lat' dir='ltr'><strong>Robur</strong></span> <span class='ocrx_word' id='word_1_191' title='bbox 642 3126 672 3181; x_wconf 90' lang='lat' dir='ltr'><strong>et</strong></span> <span class='ocrx_word' id='word_1_192' title='bbox 693 3122 832 3181; x_wconf 87' lang='lat' dir='ltr'><strong>Potestas</strong></span> <span class='ocrx_word' id='word_1_193' title='bbox 861 3122 1002 3182; x_wconf 89' lang='lat' dir='ltr'><strong>immania</strong></span> <span class='ocrx_word' id='word_1_194' title='bbox 1032 3122 1155 3182; x_wconf 90' lang='lat' dir='ltr'><strong>numina</strong></span> <span class='ocrx_word' id='word_1_195' title='bbox 1176 3120 1354 3201; x_wconf 86' lang='lat' dir='ltr'><strong>procedunt,</strong></span> 
     </span>
     <span class='ocr_line' id='line_1_26' title="bbox 231 3223 1353 3287; baseline -0.003 -2"><span class='ocrx_word' id='word_1_196' title='bbox 231 3230 264 3285; x_wconf 88' lang='lat' dir='ltr'><strong>ut</strong></span> <span class='ocrx_word' id='word_1_197' title='bbox 286 3223 474 3283; x_wconf 87' lang='lat' dir='ltr'><strong>vinciendum</strong></span> <span class='ocrx_word' id='word_1_198' title='bbox 490 3226 630 3285; x_wconf 79' lang='lat' dir='ltr'><strong>&#39;Pitanem</strong></span> <span class='ocrx_word' id='word_1_199' title='bbox 653 3228 767 3285; x_wconf 85' lang='lat' dir='ltr'><strong>curent.</strong></span> <span class='ocrx_word' id='word_1_200' title='bbox 806 3226 838 3284; x_wconf 94' lang='lat' dir='ltr'><strong>ln</strong></span> <span class='ocrx_word' id='word_1_201' title='bbox 855 3224 951 3284; x_wconf 87' lang='lat' dir='ltr'><strong>Soluti</strong></span> <span class='ocrx_word' id='word_1_202' title='bbox 974 3226 1056 3286; x_wconf 87' lang='lat' dir='ltr'><strong>exitu</strong></span> <span class='ocrx_word' id='word_1_203' title='bbox 1073 3226 1178 3287; x_wconf 88' lang='lat' dir='ltr'><strong>Castor·</strong></span> <span class='ocrx_word' id='word_1_204' title='bbox 1201 3228 1231 3285; x_wconf 85' lang='lat' dir='ltr'><strong>et</strong></span> <span class='ocrx_word' id='word_1_205' title='bbox 1245 3224 1353 3284; x_wconf 83' lang='lat' dir='ltr'><strong>Pollux</strong></span> 
     </span>
     <span class='ocr_line' id='line_1_27' title="bbox 230 3327 1436 3411; baseline -0.002 -21"><span class='ocrx_word' id='word_1_206' title='bbox 230 3348 363 3390; x_wconf 90' lang='lat' dir='ltr'><strong>-nam</strong></span> <span class='ocrx_word' id='word_1_207' title='bbox 387 3330 459 3405; x_wconf 90' lang='lat' dir='ltr'><strong>quin</strong></span> <span class='ocrx_word' id='word_1_208' title='bbox 482 3328 631 3388; x_wconf 87' lang='lat' dir='ltr'><strong>coniuncti</strong></span> <span class='ocrx_word' id='word_1_209' title='bbox 654 3327 702 3389; x_wconf 91' lang='lat' dir='ltr'><strong>dei</strong></span> <span class='ocrx_word' id='word_1_210' title='bbox 726 3332 759 3387; x_wconf 90' lang='lat' dir='ltr'><strong>ut</strong></span> <span class='ocrx_word' id='word_1_211' title='bbox 786 3329 814 3388; x_wconf 91' lang='lat' dir='ltr'><strong>in</strong></span> <span class='ocrx_word' id='word_1_212' title='bbox 839 3330 961 3390; x_wconf 83' lang='lat' dir='ltr'><strong>Electra</strong></span> <span class='ocrx_word' id='word_1_213' title='bbox 982 3330 1160 3407; x_wconf 85' lang='lat' dir='ltr'><strong>Helenaque</strong></span> <span class='ocrx_word' id='word_1_214' title='bbox 1182 3328 1354 3406; x_wconf 81' lang='lat' dir='ltr'><strong>Euripideis</strong></span> <span class='ocrx_word' id='word_1_215' title='bbox 1434 3406 1436 3411; x_wconf 68' lang='lat'>,</span> 
     </span>
     <span class='ocr_line' id='line_1_28' title="bbox 230 3430 1354 3509; baseline -0.002 -18"><span class='ocrx_word' id='word_1_216' title='bbox 230 3431 382 3509; x_wconf 86' lang='lat' dir='ltr'><strong>progressi</strong></span> <span class='ocrx_word' id='word_1_217' title='bbox 414 3432 475 3491; x_wconf 89' lang='lat' dir='ltr'><strong>sint</strong></span> <span class='ocrx_word' id='word_1_218' title='bbox 507 3430 635 3491; x_wconf 90' lang='lat' dir='ltr'><strong>dubitari</strong></span> <span class='ocrx_word' id='word_1_219' title='bbox 670 3431 772 3508; x_wconf 89' lang='lat' dir='ltr'><strong>nequit</strong></span> <span class='ocrx_word' id='word_1_220' title='bbox 801 3461 842 3471; x_wconf 86' lang='lat'>-</span> <span class='ocrx_word' id='word_1_221' title='bbox 871 3431 910 3491; x_wconf 91' lang='lat' dir='ltr'><strong>ad</strong></span> <span class='ocrx_word' id='word_1_222' title='bbox 937 3431 1114 3492; x_wconf 90' lang='lat' dir='ltr'><strong>solvendum</strong></span> <span class='ocrx_word' id='word_1_223' title='bbox 1144 3431 1354 3493; x_wconf 91' lang='lat' dir='ltr'><strong>Prometheum</strong></span> 
     </span>
     <span class='ocr_line' id='line_1_29' title="bbox 231 3522 1353 3614; baseline -0.001 -20"><span class='ocrx_word' id='word_1_224' title='bbox 231 3538 408 3609; x_wconf 88' lang='lat' dir='ltr'><strong>accurrunt,</strong></span> <span class='ocrx_word' id='word_1_225' title='bbox 438 3525 471 3592; x_wconf 78' lang='grc' dir='ltr'><strong>οἱ</strong></span> <span class='ocrx_word' id='word_1_226' title='bbox 493 3530 649 3614; x_wconf 81' lang='grc' dir='ltr'><strong><em>σωτῆρες,</em></strong></span> <span class='ocrx_word' id='word_1_227' title='bbox 680 3524 713 3593; x_wconf 77' lang='grc' dir='ltr'><strong>οἳ</strong></span> <span class='ocrx_word' id='word_1_228' title='bbox 734 3522 828 3612; x_wconf 80' lang='grc' dir='ltr'><strong><em>παρά</em></strong></span> <span class='ocrx_word' id='word_1_229' title='bbox 847 3524 980 3613; x_wconf 88' lang='grc' dir='ltr'><strong><em>μικράν,</em></strong></span> <span class='ocrx_word' id='word_1_230' title='bbox 1010 3535 1118 3611; x_wconf 89' lang='lat' dir='ltr'><strong>quibus</strong></span> <span class='ocrx_word' id='word_1_231' title='bbox 1145 3536 1284 3612; x_wconf 89' lang='lat' dir='ltr'><strong>epithetis</strong></span> <span class='ocrx_word' id='word_1_232' title='bbox 1307 3553 1353 3593; x_wconf 92' lang='lat' dir='ltr'><strong>or·</strong></span> 
     </span>
     <span class='ocr_line' id='line_1_30' title="bbox 232 3636 1354 3715; baseline 0 -20"><span class='ocrx_word' id='word_1_233' title='bbox 232 3636 293 3696; x_wconf 89' lang='lat' dir='ltr'><strong>nati</strong></span> <span class='ocrx_word' id='word_1_234' title='bbox 317 3636 474 3697; x_wconf 85' lang='lat' dir='ltr'><strong>aCraecis</strong></span> <span class='ocrx_word' id='word_1_235' title='bbox 497 3637 679 3697; x_wconf 88' lang='lat' dir='ltr'><strong>colebantur.</strong></span> <span class='ocrx_word' id='word_1_236' title='bbox 717 3637 802 3711; x_wconf 80' lang='lat' dir='ltr'><strong>Quae</strong></span> <span class='ocrx_word' id='word_1_237' title='bbox 818 3639 918 3697; x_wconf 91' lang='lat' dir='ltr'><strong>omnia</strong></span> <span class='ocrx_word' id='word_1_238' title='bbox 940 3637 992 3715; x_wconf 89' lang='lat' dir='ltr'><strong>qui</strong></span> <span class='ocrx_word' id='word_1_239' title='bbox 1015 3638 1249 3697; x_wconf 89' lang='lat' dir='ltr'><strong>consideraverit</strong></span> <span class='ocrx_word' id='word_1_240' title='bbox 1271 3642 1354 3697; x_wconf 88' lang='lat' dir='ltr'><strong>certo</strong></span> 
     </span>
     <span class='ocr_line' id='line_1_31' title="bbox 233 3738 1355 3818; baseline -0.003 -18"><span class='ocrx_word' id='word_1_241' title='bbox 233 3740 340 3818; x_wconf 88' lang='lat' dir='ltr'><strong>opinor</strong></span> <span class='ocrx_word' id='word_1_242' title='bbox 363 3758 422 3800; x_wconf 89' lang='lat' dir='ltr'><strong>non</strong></span> <span class='ocrx_word' id='word_1_243' title='bbox 445 3739 568 3800; x_wconf 85' lang='lat' dir='ltr'><strong>audebit</strong></span> <span class='ocrx_word' id='word_1_244' title='bbox 583 3738 735 3801; x_wconf 89' lang='lat' dir='ltr'><strong>Castorem</strong></span> <span class='ocrx_word' id='word_1_245' title='bbox 758 3758 841 3799; x_wconf 90' lang='lat' dir='ltr'><strong>mera</strong></span> <span class='ocrx_word' id='word_1_246' title='bbox 864 3740 977 3817; x_wconf 85' lang='lat' dir='ltr'><strong>opificis</strong></span> <span class='ocrx_word' id='word_1_247' title='bbox 998 3740 1119 3799; x_wconf 90' lang='lat' dir='ltr'><strong>libidine</strong></span> <span class='ocrx_word' id='word_1_248' title='bbox 1141 3740 1211 3799; x_wconf 91' lang='lat' dir='ltr'><strong>huic</strong></span> <span class='ocrx_word' id='word_1_249' title='bbox 1226 3756 1355 3800; x_wconf 87' lang='lat' dir='ltr'><strong>scaenae</strong></span> 
     </span>
     <span class='ocr_line' id='line_1_32' title="bbox 233 3842 1355 3921; baseline 0.001 -20"><span class='ocrx_word' id='word_1_250' title='bbox 233 3844 378 3903; x_wconf 89' lang='lat' dir='ltr'><strong>insertum</strong></span> <span class='ocrx_word' id='word_1_251' title='bbox 409 3860 473 3902; x_wconf 89' lang='lat' dir='ltr'><strong>esse</strong></span> <span class='ocrx_word' id='word_1_252' title='bbox 503 3842 665 3915; x_wconf 89' lang='lat' dir='ltr'><strong>affirmare,</strong></span> <span class='ocrx_word' id='word_1_253' title='bbox 700 3861 767 3903; x_wconf 90' lang='lat' dir='ltr'><strong>eum</strong></span> <span class='ocrx_word' id='word_1_254' title='bbox 796 3842 915 3903; x_wconf 89' lang='lat' dir='ltr'><strong>easdem</strong></span> <span class='ocrx_word' id='word_1_255' title='bbox 937 3842 1019 3920; x_wconf 91' lang='lat' dir='ltr'><strong>apud</strong></span> <span class='ocrx_word' id='word_1_256' title='bbox 1041 3842 1223 3920; x_wconf 84' lang='lat' dir='ltr'><strong>Aeschylum</strong></span> <span class='ocrx_word' id='word_1_257' title='bbox 1254 3850 1355 3921; x_wconf 88' lang='lat' dir='ltr'><strong>partes</strong></span> 
     </span>
     <span class='ocr_line' id='line_1_33' title="bbox 231 3945 789 4007; baseline 0 -3"><span class='ocrx_word' id='word_1_258' title='bbox 231 3946 372 4006; x_wconf 90' lang='lat' dir='ltr'><strong>habuisse</strong></span> <span class='ocrx_word' id='word_1_259' title='bbox 394 3950 527 4007; x_wconf 86' lang='lat' dir='ltr'><strong>statuere</strong></span> <span class='ocrx_word' id='word_1_260' title='bbox 550 3963 610 4006; x_wconf 89' lang='lat' dir='ltr'><strong>uon</strong></span> <span class='ocrx_word' id='word_1_261' title='bbox 634 3945 789 4006; x_wconf 90' lang='lat' dir='ltr'><strong>dubitabit.</strong></span> 
     </span>
    </p>
   </div>
   <div class='ocr_carea' id='block_1_3' title="bbox 143 4080 1421 4468">
    <p class='ocr_par' dir='ltr' id='par_1_7' title="bbox 143 4080 1421 4468">
     <span class='ocr_line' id='line_1_34' title="bbox 317 4080 1352 4158; baseline 0.001 -17"><span class='ocrx_word' id='word_1_262' title='bbox 317 4082 429 4142; x_wconf 86' lang='lat' dir='ltr'><strong>Atiam</strong></span> <span class='ocrx_word' id='word_1_263' title='bbox 446 4080 483 4141; x_wconf 92' lang='lat' dir='ltr'><strong>de</strong></span> <span class='ocrx_word' id='word_1_264' title='bbox 499 4082 581 4141; x_wconf 83' lang='lat' dir='ltr'><strong>exitu</strong></span> <span class='ocrx_word' id='word_1_265' title='bbox 597 4080 717 4141; x_wconf 86' lang='lat' dir='ltr'><strong>fabulae</strong></span> <span class='ocrx_word' id='word_1_266' title='bbox 733 4080 894 4141; x_wconf 84' lang='lat' dir='ltr'><strong>difficultas</strong></span> <span class='ocrx_word' id='word_1_267' title='bbox 909 4100 942 4141; x_wconf 90' lang='lat' dir='ltr'><strong>se</strong></span> <span class='ocrx_word' id='word_1_268' title='bbox 958 4082 1043 4141; x_wconf 90' lang='lat' dir='ltr'><strong>nobis</strong></span> <span class='ocrx_word' id='word_1_269' title='bbox 1055 4083 1192 4143; x_wconf 87' lang='lat' dir='ltr'><strong>inculcat.</strong></span> <span class='ocrx_word' id='word_1_270' title='bbox 1215 4084 1352 4158; x_wconf 79' lang='lat' dir='ltr'><strong>Quonam</strong></span> 
     </span>
     <span class='ocr_line' id='line_1_35' title="bbox 233 4182 1353 4260; baseline 0.001 -17"><span class='ocrx_word' id='word_1_271' title='bbox 233 4182 310 4243; x_wconf 90' lang='lat' dir='ltr'><strong>enim</strong></span> <span class='ocrx_word' id='word_1_272' title='bbox 334 4183 421 4243; x_wconf 92' lang='lat' dir='ltr'><strong>modo</strong></span> <span class='ocrx_word' id='word_1_273' title='bbox 445 4186 535 4260; x_wconf 89' lang='lat' dir='ltr'><strong>putas</strong></span> <span class='ocrx_word' id='word_1_274' title='bbox 556 4183 765 4243; x_wconf 90' lang='lat' dir='ltr'><strong>Prometheum</strong></span> <span class='ocrx_word' id='word_1_275' title='bbox 787 4182 914 4243; x_wconf 86' lang='lat' dir='ltr'><strong>vinculis</strong></span> <span class='ocrx_word' id='word_1_276' title='bbox 936 4183 1064 4244; x_wconf 90' lang='lat' dir='ltr'><strong>solutum</strong></span> <span class='ocrx_word' id='word_1_277' title='bbox 1095 4182 1181 4245; x_wconf 78' lang='lat' dir='ltr'><strong>esse?</strong></span> <span class='ocrx_word' id='word_1_278' title='bbox 1225 4187 1272 4245; x_wconf 85' lang='lat' dir='ltr'><strong>An</strong></span> <span class='ocrx_word' id='word_1_279' title='bbox 1302 4186 1353 4245; x_wconf 89' lang='lat' dir='ltr'><strong>tibi</strong></span> 
     </span>
     <span class='ocr_line' id='line_1_36' title="bbox 231 4284 1421 4363; baseline 0.001 -17"><span class='ocrx_word' id='word_1_280' title='bbox 231 4285 398 4363; x_wconf 85' lang='lat' dir='ltr'><strong>persuades</strong></span> <span class='ocrx_word' id='word_1_281' title='bbox 426 4284 458 4344; x_wconf 94' lang='lat' dir='ltr'><strong>id</strong></span> <span class='ocrx_word' id='word_1_282' title='bbox 488 4288 673 4362; x_wconf 89' lang='lat' dir='ltr'><strong>spectatores</strong></span> <span class='ocrx_word' id='word_1_283' title='bbox 703 4285 822 4345; x_wconf 91' lang='lat' dir='ltr'><strong>omnino</strong></span> <span class='ocrx_word' id='word_1_284' title='bbox 855 4304 914 4345; x_wconf 90' lang='lat' dir='ltr'><strong>uon</strong></span> <span class='ocrx_word' id='word_1_285' title='bbox 944 4286 975 4344; x_wconf 90' lang='lat' dir='ltr'><strong>in</strong></span> <span class='ocrx_word' id='word_1_286' title='bbox 1006 4305 1114 4347; x_wconf 90' lang='lat' dir='ltr'><strong>scaena</strong></span> <span class='ocrx_word' id='word_1_287' title='bbox 1143 4287 1276 4349; x_wconf 76' lang='lat' dir='ltr'><strong>vidisse?</strong></span> <span class='ocrx_word' id='word_1_288' title='bbox 1321 4290 1353 4348; x_wconf 91' lang='lat' dir='ltr'><strong>ln</strong></span> <span class='ocrx_word' id='word_1_289' title='bbox 1418 4322 1421 4325; x_wconf 91' lang='lat'><strong>·</strong></span> 
     </span>
     <span class='ocr_line' id='line_1_37' title="bbox 143 4386 1355 4468; baseline 0.002 -21"><span class='ocrx_word' id='word_1_290' title='bbox 143 4394 145 4399; x_wconf 83' lang='grc'>’</span> <span class='ocrx_word' id='word_1_291' title='bbox 233 4388 340 4449; x_wconf 88' lang='lat' dir='ltr'><strong>Vincto</strong></span> <span class='ocrx_word' id='word_1_292' title='bbox 363 4387 524 4448; x_wconf 87' lang='lat' dir='ltr'><strong>simulacro</strong></span> <span class='ocrx_word' id='word_1_293' title='bbox 546 4386 585 4447; x_wconf 87' lang='lat' dir='ltr'><strong>ad</strong></span> <span class='ocrx_word' id='word_1_294' title='bbox 608 4404 712 4447; x_wconf 86' lang='lat' dir='ltr'><strong>saxum</strong></span> <span class='ocrx_word' id='word_1_295' title='bbox 735 4386 825 4448; x_wconf 80' lang='lat' dir='ltr'><strong>affixo</strong></span> <span class='ocrx_word' id='word_1_296' title='bbox 849 4396 979 4448; x_wconf 85' lang='lat' dir='ltr'><strong>actorem</strong></span> <span class='ocrx_word' id='word_1_297' title='bbox 1002 4392 1054 4467; x_wconf 87' lang='lat' dir='ltr'><strong>qui</strong></span> <span class='ocrx_word' id='word_1_298' title='bbox 1068 4392 1237 4451; x_wconf 90' lang='lat' dir='ltr'><strong>Promethei</strong></span> <span class='ocrx_word' id='word_1_299' title='bbox 1254 4395 1355 4468; x_wconf 87' lang='lat' dir='ltr'><strong>partes</strong></span> 
     </span>
    </p>
   </div>
   <div class='ocr_carea' id='block_1_4' title="bbox 1186 4505 1202 4555">
    <p class='ocr_par' dir='ltr' id='par_1_8' title="bbox 1186 4505 1202 4555">
     <span class='ocr_line' id='line_1_38' title="bbox 1186 4505 1202 4555; baseline 0 0"><span class='ocrx_word' id='word_1_300' title='bbox 1186 4505 1202 4555; x_wconf 81' lang='lat'><strong>9</strong></span> 
     </span>
    </p>
   </div>
   <div class='ocr_carea' id='block_1_5' title="bbox 0 0 1708 5100">
    <p class='ocr_par' dir='ltr' id='par_1_9' title="bbox 0 0 1708 5100">
     <span class='ocr_line' id='line_1_39' title="bbox 0 0 1708 5100; baseline 0 0"><span class='ocrx_word' id='word_1_301' title='bbox 0 0 1708 5100; x_wconf 95' lang='lat' dir='ltr'><strong> </strong></span> 
     </span>
    </p>
   </div>
  </div>
 </body>
</html>
