3384 5100
1327 384 1366 442 21

247 557 334 615 offert
355 555 480 615 alterum
502 556 655 631 speculum
679 557 845 616 Etruscum.
889 555 999 616 Nullus
1029 573 1101 614 sane
1130 553 1169 613 ad
1194 553 1226 613 id
1248 553 1286 613 de
1309 573 1368 630 quo

247 658 376 718 diximus
408 676 514 718 munus
544 659 638 735 magis
669 657 922 719 accommodatus!
965 657 1107 719 Procedit
1135 658 1220 718 Jovis
1243 658 1368 732 legatus,

247 764 280 820 nt
310 760 346 820 de
375 760 507 821 Telluris
538 761 678 822 vaticinio
712 781 779 822 cum
809 762 988 822 Prometheo
1018 764 1095 836 ngat.
1144 760 1205 820 lam
1235 777 1306 819 vero
1338 760 1367 819 in

246 882 324 924 novo
348 863 398 923 illo
422 863 528 924 ordine
551 883 648 926 rerum
664 865 769 924 Tellus
784 863 943 942 praefandi
959 881 1081 923 munere
1097 866 1191 923 semet
1206 861 1366 934 abdicavit,

245 967 355 1043 Apollo
379 967 409 1026 in
433 967 496 1026 eius
519 967 616 1027 locum
641 968 791 1028 successit
836 965 914 1040 Quid
939 967 1044 1026 mirum
1067 965 1146 1042 quod
1169 983 1267 1025 novus
1282 970 1367 1025 vates

245 1069 410 1129 decessoris
439 1068 528 1128 fatale
557 1069 711 1130 oraculum
743 1070 924 1145 investigare
954 1068 1057 1144 cupit?
1101 1069 1205 1144 ltaque
1227 1086 1264 1127 no
1286 1067 1365 1128 hanc

245 1170 365 1248 quidem
387 1170 512 1247 figuram
538 1170 574 1230 ab
591 1170 697 1247 opifice
714 1176 825 1231 temere
840 1171 984 1230 adiectam
1001 1188 1141 1230 essenon
1158 1170 1220 1231 siue
1235 1170 1366 1246 quadam

245 1272 453 1351 probabilitate
485 1277 617 1334 statuere
643 1272 790 1332 videmur.
834 1273 922 1347 Quod
945 1273 1105 1332 Herculem
1135 1292 1200 1333 cum
1225 1273 1366 1350 Apolline

245 1377 435 1436 coniunctum
453 1377 611 1454 cernimus,
633 1376 711 1435 idem
728 1376 799 1436 fecit
814 1378 917 1436 noster
932 1393 968 1435 ac
982 1375 1105 1435 alterius
1117 1377 1229 1453 speculi
1249 1375 1365 1454 opifex:

245 1478 320 1538 duas
342 1477 463 1539 fabulae
487 1496 612 1538 scaenas
635 1479 663 1537 in
689 1497 777 1538 unam
808 1478 952 1538 confudit.
996 1479 1165 1554 Utrumque
1187 1480 1279 1556 igitur
1299 1497 1365 1556 spe·

245 1582 341 1641 culum
364 1582 402 1640 ab
424 1581 566 1659 Aeschyli
589 1581 692 1640 fabula
714 1585 855 1641 accurate
876 1580 1009 1659 pendere
1031 1577 1142 1657 duco.¹)
1202 1647 1206 1655 ,

328 1701 446 1762 Subieci
462 1702 562 1761 Vincti
583 1704 612 1761 et
627 1701 719 1762 Solnti
735 1703 817 1761 iuxta
838 1702 1018 1778 compositos
1038 1700 1158 1762 ordines
1176 1717 1365 1763 scaenarum:

366 1867 431 1949 Πρ.
457 1859 652 1950 δεσμώτης
994 1861 1198 1949 Λυόμενος

242 1993 403 2068 Prologus:
418 1975 607 2067 Ἥφαιστος,
632 1980 763 2071 Κράτος
828 1982 1029 2070 Προμηθεύς

267 2138 271 2146 .
344 2087 410 2152 Βία
599 2083 699 2169 κωφὰ

344 2186 545 2275 Προμηθεύς
598 2182 775 2274 πρόσωπα.

343 2288 546 2377 Προμηθεύς

242 2401 387 2461 Parodos:
409 2390 510 2478 χορὸς
531 2387 730 2460 ᾨκεανὶδων
824 2391 925 2478 χορὸς
951 2393 1103 2462 Τιτάνων

240 2502 414 2581 llpisodium
456 2505 597 2581 primum:
641 2501 771 2584 Προμη-
824 2495 1035 2587 Προμηθεύς,
1058 2492 1229 2565 Ἀπόλλων

283 2596 375 2679 ende,
398 2591 550 2678 Ὡκέανος

240 2708 395 2771 Stasimum
420 2710 559 2787 primum:
581 2699 681 2789 χορός
825 2700 928 2790 χορός

238 2811 410 2889 Episodium
422 2812 560 2871 alterum:
573 2802 776 2893 Προμηθεύς
829 2805 1039 2893 Προμηθεύς,
1058 2797 1216 2893 Ἡρακλῆς

238 2915 395 2975 Stasimum
419 2917 558 2975 alterum:
579 2905 680 2993 χορός
824 2905 924 2995 χορός

238 3017 409 3094 Episodium
419 3018 551 3078 tertium:
564 3006 776 3097 Προμηθεύς,
830 3009 1029 3099 Προμηθεύς

278 3108 332 3179 ''Iur

238 3222 394 3285 Stasimum
417 3225 550 3283 tertium:
571 3212 672 3301 χορός
822 3212 924 3300 χορός

238 3326 409 3403 Episodium
448 3330 599 3403 quartum:
637 3323 770 3406 Προμη-
824 3316 1039 3405 Προμηθεύς,
1068 3316 1225 3405 Κάστωρ,
1248 3324 1359 3388 Πολυ-

279 3418 371 3503 eruc,
392 3424 504 3511 Ἑρμῆς
868 3419 988 3509 deciens
1009 3447 1040 3488 κ.
1056 3446 1112 3507 πρ.

814 3516 1359 3612 Ἥφαιστος,Κάστωρ,Προμηθεύς

822 3651 853 3694 κ.
876 3651 943 3713 πρ.,
965 3625 1185 3714 Πολυδεύκης
1206 3653 1236 3695 κ.
1258 3654 1315 3717 πρ.

734 3754 865 3815 ldxodus.

323 3933 344 4001 ¹)
362 3932 394 3985 In
418 3933 512 3989 Vincti
539 3934 665 4003 catalogo
691 3949 870 4003 personarum
897 3934 1023 3989 Herculis
1050 3940 1079 3989 et
1104 3934 1223 3991 Telluris
1250 3938 1360 3992 nomina

239 4032 383 4072 occurrere
401 4023 518 4087 constat,
537 4034 607 4087 quae
626 4036 660 4073 ex
673 4019 762 4075 Soluti
773 4034 954 4087 personarum
968 4025 1119 4087 conspectu
1131 4020 1196 4075 illuc
1213 4021 1358 4090 lrrepsisse

236 4108 411 4171 putaverunt.
440 4103 510 4159 Sane
528 4104 587 4159 fieri
604 4105 703 4173 potuit,
721 4110 752 4159 ut
763 4105 858 4160 Tellus
876 4106 904 4158 in
922 4105 972 4159 hac
989 4099 1081 4160 fabula
1093 4108 1255 4172 procederet
1266 4125 1357 4177 neque

237 4188 292 4241 ullo
310 4188 424 4257 negotio
443 4188 501 4243 eius
518 4194 611 4257 partes
630 4190 719 4243 ordini
737 4194 765 4243 et
782 4206 872 4245 rerum
890 4194 919 4243 et
936 4196 1045 4246 actuum
1061 4191 1182 4247 inserere
1200 4208 1357 4259 possumus.

236 4274 275 4327 At
293 4273 417 4328 concedo
434 4274 515 4329 nimis
533 4274 640 4329 infirmo
652 4275 833 4330 fundamento
846 4275 917 4329 hanc
929 4277 1114 4336 coniecturam
1127 4278 1176 4331 niti
1188 4277 1253 4331 mihi
1263 4278 1356 4333 videri.

242 4358 323 4413 Certe
336 4358 410 4412 nullo
423 4360 506 4413 modo
519 4360 704 4415 testimonium
716 4360 783 4415 illud
795 4377 857 4415 eum
869 4361 910 4415 eis
922 4367 1015 4427 certat,
1034 4378 1104 4433 qnae
1116 4378 1199 4432 supra
1210 4362 1358 4431 disputavi.
