3384 5100
1302 451 1339 512 19

219 628 306 706 Quod
330 650 419 708 quam
442 630 479 690 ob
502 649 562 689 rem
586 633 674 704 poeta
697 629 739 688 sic
761 626 924 688 instituerit
945 631 1080 705 apparet.
1123 628 1235 686 Narrat
1262 626 1340 685 enim

219 735 393 794 scholiastes
424 733 462 792 ad
485 732 642 811 Sophoclis
664 731 810 809 Oedipum
833 730 995 792 Coloneum
1019 749 1047 788 v.
1067 734 1108 792 56
1130 729 1341 789 Prometheum

220 856 285 897 cum
303 837 437 897 Vulcano
453 837 483 896 in
499 835 574 896 aede
588 835 620 895 in
635 834 798 895 Academia
813 834 871 895 sita
893 834 1085 893 coniunctum
1107 826 1227 907 tuisse¹)
1251 835 1342 907 atque

219 940 291 1017 quin
320 939 351 999 in
383 939 545 999 novissima
574 937 710 1014 trilogiae
732 937 834 997 fabula
864 936 902 996 de
925 955 960 995 eo
991 937 1074 996 cultu
1104 940 1194 1012 poeta
1224 934 1343 994 locutus

218 1045 257 1103 sit
289 1048 358 1120 post
391 1041 555 1120 Westphali
590 1042 740 1118 egregiam
780 1041 1056 1100 commentationem
1064 1035 1088 1111 ²)
1124 1040 1175 1099 vix
1212 1035 1343 1097 dubitari

220 1149 327 1223 potest.
372 1146 537 1204 Vulcanum
569 1145 659 1221 igitur
689 1142 740 1221 qui
773 1143 901 1202 omnium
932 1161 1070 1201 maxume
1096 1141 1213 1201 Titanis
1242 1157 1343 1199 casum

221 1248 360 1308 doluerat
381 1253 449 1324 post
471 1246 691 1307 reconciliatam
713 1245 796 1307 lovis
818 1245 944 1322 gratiam
967 1246 1093 1322 primum
1119 1244 1281 1304 accessisse
1310 1245 1345 1302 ut

221 1369 299 1428 quae
328 1351 439 1410 invitus
468 1350 626 1427 pepigerat
647 1348 770 1408 vincula
799 1347 897 1408 iaetus
926 1347 1083 1426 expediret
1104 1350 1232 1425 apparet
1254 1364 1342 1423 quam

223 1453 333 1528 optime
357 1450 546 1512 coniciamus.

307 1553 356 1614 Sic
378 1555 469 1630 igitur
493 1551 531 1612 de
553 1552 649 1612 altera
671 1551 792 1613 fabulae
807 1556 893 1628 parte
908 1555 1007 1612 statuo
1023 1551 1182 1612 Herculem
1197 1552 1261 1612 sive
1278 1557 1346 1630 post

221 1656 354 1734 aquilam
385 1656 530 1715 deiectam
554 1654 617 1715 sive
640 1659 709 1716 ante
733 1653 872 1714 docuisse
895 1655 1105 1714 Prometheum
1137 1655 1227 1732 louge
1256 1655 1346 1714 alium

224 1777 259 1818 ac
282 1759 312 1818 in
335 1777 481 1836 proxuma
503 1757 607 1818 fabula
629 1758 680 1817 ille
703 1757 897 1835 praedixerat
918 1757 1022 1817 Jovem
1045 1776 1077 1818 se
1099 1757 1294 1835 praestitisse,
1317 1763 1347 1817 et

224 1881 289 1922 cum
312 1862 398 1921 Jouis
420 1880 541 1939 quoque
563 1864 652 1920 antea
674 1859 800 1920 infelicis
823 1860 1003 1920 faustissime
1024 1862 1185 1922 concubitu
1205 1867 1345 1922 enarratu

224 1966 339 2024 tristem
351 1964 466 2024 Titanis
481 1965 610 2023 animum
628 1965 836 2024 commovisset
850 1964 931 2023 illum
946 1964 984 2023 ad
998 1963 1167 2040 Geryonem
1182 1965 1239 2024 iter
1255 1965 1346 2024 couti·

224 2086 346 2144 nuasse,
377 2067 462 2127 cuius
485 2071 515 2126 et
537 2066 642 2126 modos
666 2069 695 2126 et
725 2065 786 2126 fata
809 2066 911 2143 paullo
934 2070 1004 2127 aute
1026 2067 1222 2128 Prometheus
1245 2087 1346 2127 narra·

224 2175 309 2232 verat
331 2167 381 2243 (fr.
398 2170 586 2238 193-199).
619 2151 765 2229 Hercules
780 2175 938 2247 postquam
962 2171 1085 2230 recessit
1100 2171 1242 2230 stasimon
1257 2171 1347 2231 iuter·

224 2275 355 2351 ponitur,
366 2273 456 2331 Titan
467 2272 571 2331 Jovem
583 2271 725 2348 appellat,
738 2273 846 2332 iterum
859 2272 969 2332 chorus
981 2276 1091 2333 cantat.
1119 2274 1196 2333 Tum
1210 2274 1348 2335 Castores

224 2375 406 2452 procedunt,
436 2393 562 2452 quorum
594 2375 721 2434 alterum
752 2379 852 2434 mutua
882 2393 959 2451 quae
989 2375 1098 2435 dicitur
1119 2394 1249 2453 persona
1280 2378 1348 2453 egit,

227 2479 349 2538 alterius
388 2481 489 2554 partes
532 2476 608 2537 idem
643 2478 693 2555 qui
727 2478 867 2538 Herculis
899 2496 1056 2556 personam
1091 2483 1180 2538 autea
1211 2479 1351 2539 induerat

229 2586 313 2641 actor
350 2581 489 2657 suscepit
548 2578 607 2652 Qui
643 2584 802 2657 postquam
840 2581 1011 2641 Promethei
1047 2580 1189 2640 invidiam
1225 2599 1351 2660 prorsus

229 2685 424 2761 placaverunt
460 2685 550 2759 atquo
584 2681 756 2741 vaticinium
798 2682 872 2742 illud
909 2682 948 2743 de
980 2683 1117 2744 Thetidis
1154 2686 1267 2763 nuptiis
1303 2703 1350 2744 ac-

227 2789 387 2865 ceperunt,
415 2784 479 2863 ipse
509 2785 600 2845 Titan
631 2786 774 2861 petivisse
796 2784 930 2862 videtur,
961 2789 994 2845 ut
1022 2787 1051 2845 in
1076 2787 1263 2847 vinculorum
1294 2806 1352 2848 me·

227 2890 348 2950 moriam
379 2888 442 2966 lygi
473 2906 584 2947 corona
612 2887 665 2947 sihi
688 2888 902 2965 imponeretur.
945 2887 980 2947 Id
1003 2890 1080 2948 euim
1103 2889 1200 2949 evinci
1223 2890 1293 2949 licet
1315 2908 1351 2951 ex

227 2990 377 3051 Athenaei
406 2990 579 3050 narratione
609 2990 662 3049 XV
682 2992 743 3051 672
767 2988 807 3050 E:
839 2980 1020 3070 ἱστορεῖται
1049 3022 1077 3031 -
1104 2985 1262 3050 θεσπίσαι
1290 2981 1353 3051 τὸν

227 3078 421 3151 Ἀπόλλωνα
436 3079 560 3169 ποινὴν
577 3076 702 3163 αὐτοὺς
717 3079 811 3165 (τούς
823 3087 946 3168 Κᾶρας)
962 3078 1155 3151 άποδοῦναι
1169 3090 1209 3169 τῇ
1223 3089 1296 3173 θεῷ
1311 3077 1353 3152 δι’

228 3185 361 3254 ἑαυτῶν
382 3184 538 3254 ἑκούσιον
561 3188 618 3252 καὶ
638 3188 741 3274 χωρὶς
764 3188 943 3273 δυσχεροῦς
964 3193 1146 3274 συμφορᾶς,
1168 3183 1212 3273 ἣν
1230 3188 1268 3255 ἐν
1282 3203 1354 3268 τοῖς

227 3287 381 3375 πρόσθεν
402 3286 536 3376 χρόνοις
559 3283 731 3375 ἀφώρισεν
753 3280 770 3355 ὁ
795 3286 878 3367 Ζεύς
900 3294 950 3377 τῷ
972 3294 1150 3377 Προμηθεῖ
1167 3289 1266 3376 χάριν
1293 3295 1354 3378 τῆς

228 3397 357 3481 κλοπῆς
378 3396 441 3458 τοῦ
464 3389 581 3478 πυρός,
604 3390 707 3471 λύσας
728 3384 835 3459 αὐτὸν
859 3394 896 3459 ἐκ
917 3397 989 3460 τῶν
1007 3389 1262 3478 χαλεπωτάτων
1284 3399 1354 3463 δεσ-

227 3500 314 3579 μῶν·
344 3496 408 3561 καὶ
435 3496 542 3561 τίσιν
564 3492 751 3561 ἑκούσιον
773 3495 814 3561 ἐν
837 3488 984 3585 άλυπίη
1006 3498 1190 3585 κειμένην
1212 3500 1355 3565 δοῦναι

315 3670 336 3735 ¹)
354 3668 446 3723 Verba
463 3668 523 3723 eius
548 3666 698 3734 descripsi:
722 3661 803 3721 τιτάν
824 3663 1012 3737 Προμηθεὺς]
1036 3665 1105 3738 περί
1130 3674 1182 3725 τοῦ
1204 3666 1256 3724 τὸν
1279 3672 1355 3741 Προ-

230 3748 325 3821 μηθέα
343 3751 410 3823 περί
428 3748 481 3821 τὴν
499 3744 685 3821 Ἀκαδήμειαν
703 3749 750 3806 καί
768 3746 820 3806 τὸν
832 3746 971 3806 Κολωνὸν
984 3748 1127 3823 ίδρῦσθαι,
1145 3748 1357 3826 Ἀπολλόδωρος

230 3832 338 3907 γράφει
358 3830 443 3892 oilae).
479 3841 650 3905 συντιμᾶται
675 3834 706 3893 δὲ
725 3834 775 3891 καὶ
794 3831 825 3892 ἐν
843 3843 878 3906 τῇ
896 3828 1064 3913 Ἀκαδημείᾳ
1081 3845 1115 3907 τῇ
1133 3833 1245 3915 Ἀθηνᾷ,
1263 3836 1356 3896 καθά-

230 3938 287 3991 περ
306 3914 498 3992 ὃἭφαιστος.
534 3919 584 3976 καί
603 3914 682 3977 ἔστιν
701 3915 788 3977 αὐτοῦ
807 3918 932 3977 παλαιὸν
949 3916 1053 3992 ἵδρυμα
1070 3925 1118 3977 καὶ
1140 3920 1239 3994 βωμὸς
1261 3920 1293 3981 ἐν
1315 3932 1356 3998 τῷ

229 4002 344 4075 τεμένει
369 4012 418 4078 τῆς
440 4011 522 4066 θεοῦ.
558 4005 700 4062 δείκνυται
723 4004 754 4063 δὲ
779 4005 828 4062 καί
850 4004 934 4078 βάσις
952 4000 1056 4078 άρχαία
1074 4005 1148 4064 κατὰ
1165 4006 1217 4079 τὴν
1235 4002 1357 4077 εἴσοδον,

233 4087 265 4149 ἐν
282 4082 299 4161 ᾖ
318 4099 370 4148 τοῦ
389 4112 420 4148 τε
438 4090 620 4167 Προμηθέως
639 4087 701 4148 ἐστὶ
719 4088 808 4157 τύπος
825 4091 876 4147 καί
893 4099 946 4149 τοῦ
960 4085 1123 4163 Ἡφαίστου.
1152 4094 1307 4165 πεποίηται
1325 4094 1357 4153 δὲ

230 4170 281 4248 (ὡς
305 4175 355 4234 καὶ
373 4176 567 4249 Λυσιμαχίδης
591 4176 690 4247 φησίν)
715 4170 730 4232 ὃ
753 4176 808 4246 μὲν
831 4175 1008 4249 Προμηθεὺς
1030 4186 1145 4250 πρῶτος
1166 4180 1215 4236 καί
1233 4178 1358 4253 πρεσβύ-

230 4283 323 4335 τερος,
343 4259 374 4321 ἐν
392 4267 472 4341 δεξιᾷ
491 4272 640 4335 σκῆπτρον
658 4257 741 4334 ἔχων,
760 4258 776 4318 ὃ
797 4260 827 4319 δὲ
838 4256 997 4334 Ἥφαιστος
1008 4260 1074 4330 νέος
1086 4264 1135 4321 καί
1148 4263 1290 4338 δεύτερος.
1308 4266 1359 4323 καί

228 4347 328 4422 βωμὸς
352 4344 462 4419 άμφοῖν
484 4350 582 4415 κοινός
606 4346 684 4407 ἐστιν
709 4344 740 4405 ἐν
763 4353 797 4418 τῇ
814 4346 898 4421 βάσει
918 4344 1188 4419 άποτετοιιωμὲνος.
1262 4354 1286 4422 ²)
1304 4354 1358 4409 vid.

230 4439 289 4494 eius
309 4437 406 4494 librum
424 4438 625 4507 Prolegomena
643 4454 677 4492 cu
695 4438 853 4508 Aeschylos
871 4438 1038 4508 Traghdien,
1056 4456 1084 4507 p.
1098 4445 1147 4494 207
1157 4457 1194 4497 sa.

1123 4543 1155 4599 9*
