3384 5100
318 378 339 434 4

319 562 463 606 emersam
485 545 516 604 in
532 562 671 604 scaenam
688 542 833 621 prodiisse
854 547 956 603 notum
973 551 1026 602 est.
1070 542 1221 603 Lustratio
1237 561 1309 602 vero
1325 540 1441 602 Orestis

319 666 417 724 neque
439 648 468 707 in
492 665 601 706 scaena
624 651 786 723 conspecta
805 665 904 723 neque
921 646 1040 706 omnino
1063 648 1092 705 in
1110 647 1206 725 prima
1221 651 1307 724 parte
1323 645 1442 705 fabulae

320 752 549 811 commemorata
571 747 708 826 est,.sed
732 767 768 808 ex
791 749 833 808 eis
857 749 955 824 pictor
977 767 1040 808 eam
1064 749 1202 826 sumpsit,
1223 767 1300 826 quae
1321 747 1443 809 Orestes

320 853 552 913 Atheniensibus
575 851 703 929 supplex
726 856 830 912 narrat
852 871 880 912 v.
896 855 1019 912 279ast

473 978 707 1069 μητροκτόνον
728 983 854 1066 μίασμα
876 973 909 1048 δ’
932 979 1104 1048 ἔκπλυτον
1126 983 1219 1048 πέλει

473 1085 652 1151 ποταίνιον
674 1081 736 1170 γὰρ
761 1077 801 1150 ὂν
823 1081 909 1169 πρὸς
932 1081 1024 1173 ἑστίᾳ
1046 1088 1132 1150 θεοῦ

477 1188 605 1267 Φοίβου
629 1191 817 1272 καθαρμοῖς
839 1180 952 1276 ἠλάθη
973 1182 1216 1273 χοιροκτόνοις.

321 1316 378 1376 Ηὶο
401 1316 492 1393 igitur
514 1318 610 1392 pictor
634 1335 693 1376 non
710 1317 805 1375 solum
823 1314 958 1375 diversas
973 1316 1146 1392 tragoediae
1163 1320 1266 1392 partes
1282 1316 1445 1393 coniunxit,

321 1419 374 1479 sed
398 1437 433 1479 ea
456 1437 576 1496 qnoque
598 1418 727 1495 imagine
750 1419 912 1495 expressit,
943 1437 1021 1494 quae
1043 1420 1073 1478 in
1101 1437 1212 1479 scaena
1239 1419 1360 1479 omnino
1384 1438 1441 1479 non

322 1521 592 1600 conspiciebantur,
613 1520 667 1581 ssd
690 1521 862 1581 narratione
881 1525 994 1581 tautum
1011 1522 1247 1599 exponebantur.
1292 1521 1370 1595 Quid
1390 1522 1444 1599 igi·

321 1624 394 1685 tur?
437 1625 546 1684 Nonne
568 1623 739 1684 luculenter
758 1629 901 1701 apparet,
930 1643 990 1702 qna
1012 1624 1128 1684 ratione
1149 1625 1222 1684 artis
1247 1625 1443 1685 monumentis

322 1727 361 1787 ad
390 1726 506 1787 fabulas
537 1726 737 1787 restituendas
764 1729 807 1787 uti
837 1727 1007 1804 possimus?
1051 1727 1251 1805 Suppeditant
1272 1729 1350 1788 enim
1375 1728 1444 1786 ima·

322 1831 407 1906 gines
430 1829 599 1890 fabularum
623 1834 811 1907 argumenta,
842 1830 924 1906 ipsas
947 1828 1065 1888 fabulas
1093 1848 1153 1890 non
1176 1833 1340 1906 praestant.
1386 1830 1444 1904 Qui

323 1932 529 2011 compositioni
552 1930 718 1993 fabularum
743 1951 864 2010 operam
888 1932 940 1992 dat
963 1932 1162 1992 inveniendae
1178 1939 1269 2010 atque
1286 1933 1444 1993 enucleare

322 2036 432 2110 studet,
454 2036 526 2114 quid
549 2036 579 2094 in
602 2053 710 2096 scaena
732 2039 927 2112 conspectum
951 2036 1003 2109 sit,
1026 2035 1098 2111 quid
1122 2037 1295 2097 nuntiorum
1319 2037 1444 2096 narrati-

323 2139 430 2211 onibus
452 2138 633 2199 diverbiisve
656 2139 861 2215 tribuendum,
884 2138 1052 2199 cavendum
1076 2138 1103 2199 ei
1126 2144 1188 2215 est,
1210 2158 1248 2199 ne
1269 2140 1335 2200 aliis
1357 2159 1445 2216 argu·

324 2241 429 2303 mentis
453 2240 584 2302 confidat
612 2260 701 2318 quam
728 2243 800 2318 ipsis
829 2241 949 2302 fabulae
976 2240 1151 2319 fragmentis
1174 2247 1205 2302 et
1227 2260 1355 2303 scaenae
1379 2241 1444 2303 usui

322 2344 482 2421 diligenter
505 2345 674 2405 observato.

410 2448 476 2508 Jam
510 2447 614 2525 paucis
648 2446 901 2526 comprehendam
935 2467 1013 2525 qnae
1046 2451 1160 2508 restant
1191 2454 1382 2509 monumenta
1414 2449 1445 2509 in

326 2551 523 2613 Eumenidum
540 2557 716 2629 argumento
732 2558 861 2613 versata.
904 2553 1115 2612 Praetermitto
1131 2572 1271 2630 magnum
1289 2572 1445 2612 numerum

325 2656 525 2734 picturarum,
556 2675 632 2733 quae
664 2654 800 2717 Orestem
830 2657 973 2717 exhibent
1002 2656 1041 2717 ad
1068 2656 1239 2734 omphalum
1267 2657 1444 2734 iugientem;

325 2778 402 2837 quae
424 2760 488 2820 sive
511 2763 650 2819 accurate
674 2760 712 2819 ad
735 2760 934 2837 Aeschyleam
957 2759 1087 2820 fabulam
1116 2778 1182 2820 sese
1208 2760 1363 2837 applicant
1384 2762 1447 2820 sive

325 2861 364 2923 ad
391 2862 541 2923 libidinem
570 2863 607 2923 ab
636 2882 671 2923 eo
699 2862 859 2923 discedunt
885 2862 948 2924 fere
980 2863 1053 2923 nihil
1083 2863 1121 2922 ad
1150 2868 1284 2923 nostrum
1316 2862 1445 2923 studium

325 2966 454 3026 afferunt
476 2966 623 3026 momenti.
671 2965 840 3043 Diligenter
868 2984 918 3025 eas
948 2965 1088 3026 collectas
1111 2967 1264 3026 enarravit
1290 2966 1447 3027 Oonradus

325 3068 487 3130 Werniclre
515 3070 545 3128 in
569 3070 645 3129 actis
667 3070 904 3147 archaeologicis
925 3070 1010 3128 XLll
1033 3073 1116 3131 1884
1139 3074 1291 3146 p.199ss.
1334 3070 1448 3131 Oontra

326 3172 504 3251 sarcophagi
533 3174 659 3233 Romani
693 3177 841 3251 quotquot
872 3170 988 3232 Orestis
1019 3173 1080 3233 iata
1110 3173 1149 3231 ad
1183 3173 1326 3249 Aeschyli
1359 3173 1446 3232 fidem

326 3277 500 3337 continuato
524 3276 629 3336 ordine
652 3280 789 3353 narrant,
803 3272 826 3348 ¹)
858 3273 991 3336 Orestem
1015 3277 1149 3348 exibent,
1178 3278 1228 3354 qui
1252 3277 1445 3337 dormientem

326 3378 433 3438 iuriam
456 3383 663 3456 transgressus
690 3378 791 3439 furtim
821 3397 858 3438 ex
880 3379 955 3439 aede
976 3379 1123 3457 Apollinis
1154 3385 1249 3439 semet
1277 3378 1447 3439 subducere

327 3485 463 3542 conatur.
506 3481 638 3543 Eandem
662 3500 724 3542 rem
748 3501 812 3542 oum
837 3482 980 3558 praebeat
1001 3482 1200 3560 fragmentum
1230 3483 1310 3542 vasis
1339 3481 1446 3555 ficti,²)

327 3584 456 3645 dubitari
483 3585 533 3643 vix
562 3588 661 3662 potest
691 3586 763 3662 quin
795 3604 831 3645 cx
855 3586 937 3644 clara
959 3585 1060 3663 ahqua
1088 3586 1206 3663 pictura
1228 3586 1291 3645 sive
1314 3586 1448 3646 Theonis

328 3688 392 3747 sive
407 3688 591 3747 Timomachi
608 3687 681 3747 haec
697 3706 807 3748 scaena
822 3688 959 3765 pendeat
1004 3688 1143 3749 Oalcnlus
1159 3707 1280 3765 quoque
1296 3690 1448 3749 Minervae

328 3791 458 3851 occurrit
479 3794 512 3850 ut
535 3791 565 3850 in
588 3808 659 3850 vase
682 3794 824 3867 argenteo
834 3787 859 3862 ³)
882 3792 925 3850 ita
946 3791 974 3849 in
992 3792 1187 3869 sarcophagis
1203 3792 1356 3852 nonnullis
1372 3810 1448 3851 mar·

328 3891 480 3966 mareiae
504 3893 554 3954 ubi
577 3892 633 3953 dea
656 3911 755 3953 coram
778 3892 858 3953 iuria
880 3893 1017 3953 tabellam
1041 3894 1070 3953 in
1087 3913 1192 3954 urnam
1210 3893 1346 3954 demittit.
1379 3892 1449 3955 Sola

415 4092 434 4159 ¹)
453 4091 516 4147 Vid.
534 4090 655 4159 Rohert,
678 4089 969 4160 Sarhophag-Reliefs
986 4090 1026 4159 Il,
1050 4091 1105 4146 tab.
1122 4091 1294 4148 le-LVI.
1312 4107 1339 4159 p.
1353 4096 1400 4147 165
1411 4108 1448 4147 ss.

329 4178 352 4245 ²)
370 4177 539 4245 Expressum
564 4176 637 4245 apud
660 4174 792 4244 Stephani
815 4176 1218 4245 Oompte-rsnd111870.1871
1243 4178 1329 4233 tabe
1354 4179 1399 4233 Nr.
1418 4183 1445 4231 11

328 4280 355 4332 p.
369 4268 424 4318 195.
444 4263 550 4319 Rohert
561 4264 577 4320 l.
589 4280 612 4317 c.
630 4281 656 4332 p.
670 4268 725 4318 110.
769 4266 791 4333 8)
809 4264 962 4330 Overhech,
983 4264 1101 4320 Gallerie
1121 4264 1277 4319 heroischer
1293 4263 1449 4320 Bildwerhe

331 4349 427 4403 XXIX
448 4354 488 4405 15.
541 4350 562 4419 ⁴)
580 4350 643 4405 Vid.
655 4350 761 4405 Rohert
779 4349 795 4405 l.
809 4366 831 4405 c.
851 4350 905 4405 tab.
918 4350 966 4405 LV
985 4350 1030 4419 fig.
1045 4351 1126 4406 156b.
1146 4356 1224 4405 157a.
1241 4367 1269 4419 p.
1282 4356 1337 4405 173.
