3384 5100
341 386 359 448 d

342 560 486 635 amphora
508 560 690 640 Robustiua,
716 581 804 641 quam
832 563 943 640 publici
969 564 1042 624 iuris
1064 564 1136 625 feeit
1158 561 1303 642 Stephani
1326 564 1464 644 Comple-

340 663 436 724 rondu
462 667 544 727 1863
569 667 642 725 Vls.
665 685 753 743 quam
776 670 903 728 maxime
926 672 1066 728 aoourate
1089 662 1278 730 Eumenidum
1306 671 1465 746 prologum

340 767 469 827 exhibet.
514 767 671 829 Cernimus
687 767 822 830 Orestem
845 769 949 846 gladio
973 770 1080 831 edooto
1103 772 1133 830 in
1150 773 1262 848 templo
1285 771 1323 830 ad
1340 773 1464 850 ompha-

340 869 401 929 lum
429 870 633 931 considentem
658 872 901 951 Eumenidesque
928 873 1062 950 quinque
1093 892 1218 935 numero
1246 875 1369 934 diffusas
1396 876 1464 935 dor-

340 972 471 1033 mientes
515 974 611 1034 Extra
633 974 773 1050 templum
797 974 942 1036 sacerdos
965 977 1125 1052 perterrita
1147 978 1260 1054 effugit.
1303 977 1368 1037 Jam
1391 996 1462 1037 oon-

339 1073 420 1134 feras
442 1076 569 1152 Pythiae
592 1077 685 1137 verba
708 1078 787 1155 apud
810 1079 992 1155 Aeschylum
1015 1080 1139 1139 Eumen.
1173 1081 1206 1138 V.
1222 1083 1310 1142 34ss

491 1199 512 1294 ἦ
535 1205 628 1274 δεινὰ
651 1209 751 1291 λέξαι,
774 1202 867 1275 δεινὰ
888 1209 916 1275 δ’
939 1202 1132 1296 ὀφθαλμοῖς
1154 1211 1290 1295 δρακεῖν

491 1308 597 1376 πάλιν
618 1302 651 1395 μ’
675 1307 823 1396 ἔπεμψεν
846 1311 884 1376 ἐκ
907 1311 1022 1398 δόμων
1044 1315 1116 1380 τῶν
1138 1315 1273 1396 Λοξίου,

492 1407 537 1492 ὡς
557 1411 601 1500 μή
623 1438 663 1499 με
685 1411 807 1482 σώκειν
829 1407 908 1502 μηδ’
931 1407 976 1481 ἔτ’
999 1409 1170 1482 ἀκταίνειν
1192 1414 1298 1496 βάσιν.

491 1515 597 1600 τρέχω
621 1517 657 1582 δὲ
677 1518 798 1602 χερσὶν,
821 1509 863 1584 οὐ
885 1519 1057 1607 ποδωκείᾳ
1079 1523 1220 1585 σκελοόν.

491 1715 561 1806 δροό
585 1714 618 1785 δ’
641 1717 698 1788 ἐπ’
721 1716 864 1809 ὀμφαλῷ
885 1723 946 1808 μὲν
968 1716 1074 1809 ἄνδρα
1096 1729 1249 1809 θεομυσῆ

492 1821 593 1908 ἕδραν
617 1822 736 1910 ἔχοντα
758 1821 1026 1912 προστρόπαιον,
1049 1827 1161 1913 αἵματι

490 1926 658 2012 στάζοντα
678 1941 789 2015 χεῖρας
812 1931 869 1995 καί
891 1931 1073 2008 νεοσπαδὲς
1095 1931 1192 2014 ξίφος

488 2234 641 2324 πρόσθεν
665 2239 700 2304 δὲ
722 2230 868 2324 τάνδρὸς
889 2241 990 2306 τοῦδε
1012 2237 1207 2325 θαυμαστὸς
1229 2237 1327 2326 λόχος

490 2335 580 2408 εὕδει
603 2343 775 2427 γυναικῶν
798 2341 835 2408 ἐν
858 2335 1187 2431 θρόνοισινῆμενος.

338 2473 422 2547 Quos
438 2489 544 2532 versus
559 2471 701 2548 pistorem
717 2475 858 2531 aoourate
874 2472 959 2550 sequi
974 2470 1110 2532 videmus
1125 2471 1215 2531 nullis
1234 2471 1323 2532 rebus
1338 2473 1460 2533 aliunde

337 2576 447 2638 additis
469 2595 568 2654 neque
593 2579 625 2636 ut
647 2574 679 2635 fit
701 2576 730 2635 in
755 2594 845 2635 unum
870 2575 1002 2636 confusis
1017 2594 1095 2653 quae
1110 2575 1214 2636 eodem
1230 2582 1366 2653 tempore
1381 2576 1462 2637 faeta

337 2698 402 2741 esse
430 2698 489 2739 non
516 2682 650 2757 possunt.
694 2678 773 2753 Quin
801 2680 889 2739 etiam
920 2680 950 2738 in
982 2697 1016 2738 eo
1046 2680 1144 2756 pictor
1174 2678 1212 2738 ad
1242 2685 1360 2755 poetam
1388 2681 1461 2741 satis

336 2788 477 2844 aoourate
500 2802 532 2844 se
557 2783 700 2860 appliost,
722 2782 801 2860 quod
824 2801 879 2859 pro
899 2782 994 2842 tribus
1009 2782 1235 2857 Eumenidibus,
1258 2802 1317 2861 quo
1333 2802 1459 2843 numero

336 2887 391 2947 has
414 2886 487 2945 deas
510 2890 541 2946 et
563 2886 653 2962 Argis
680 2889 710 2944 et
737 2885 865 2944 Athenis
895 2885 992 2944 oultas
1021 2901 1087 2944 esse
1109 2883 1260 2958 oonstat1)
1288 2887 1393 2963 plures
1414 2885 1458 2945 in·
1513 2863 1533 2932 .'

339 2990 429 3050 dnoit
473 2990 640 3050 Solemnem
659 2988 736 3047 enim
760 2988 843 3047 illum
860 3006 1015 3047 numerum
1032 3005 1143 3065 augere
1158 2989 1270 3048 nomini
1283 2988 1314 3047 lu
1330 2992 1457 3049 mentem

338 3092 440 3152 venire
464 3092 562 3168 potuit
583 3092 640 3151 nisi
663 3089 775 3166 tragico
799 3094 915 3167 politae,
937 3089 1050 3149 soilioet
1072 3094 1106 3150 nt
1123 3090 1232 3150 iustum
1248 3090 1459 3151 choreutarum

337 3214 492 3255 numerum
516 3193 688 3271 compleret.
732 3193 827 3267 Quem
843 3198 964 3253 seoutns
980 3196 1025 3252 est
1039 3193 1154 3253 vaseuli
1169 3193 1247 3253 illius
1262 3195 1368 3271 pistor,
1391 3213 1458 3254 enm

338 3298 387 3358 vel
410 3298 663 3375 sarcophagorum
687 3298 889 3356 Romanorum
912 3297 1042 3357 artifices
1065 3296 1174 3355 trinum
1197 3296 1279 3355 illum
1302 3316 1457 3357 numerum

335 3402 509 3461 retinerent.

421 3504 528 3581 Longe
550 3503 637 3563 aliam
660 3501 805 3563 rationem
829 3501 924 3562 seouti
951 3506 1023 3562 sunt
1051 3502 1173 3562 alterius
1202 3501 1371 3579 tertiaeque
1397 3521 1456 3562 am·

337 3606 461 3683 phoras,
476 3606 633 3682 utriusque
648 3603 842 3676 Rubnstinae,
858 3604 997 3681 pistores.
1030 3604 1164 3678 Quarum
1181 3603 1306 3676 allera²l
1322 3601 1457 3665 Orestem

337 3708 501 3785 suppliosm
525 3726 591 3768 oum
615 3706 716 3784 gladio
739 3707 776 3766 ad
798 3706 968 3783 omphalum
988 3705 1150 3782 fugientem
1166 3706 1368 3785 Pythiamque
1391 3726 1459 3767 oon·

335 3814 433 3890 iungit
467 3831 532 3873 oum
565 3812 702 3889 Apolline
733 3809 839 3870 furiam
874 3811 1055 3887 repulsante.
1110 3808 1207 3871 Adest
1240 3810 1329 3871 etiam
1361 3811 1459 3871 Diana

337 3935 403 3977 oum
427 3915 520 3976 fratrs
544 3915 711 3976 ooniunota.
755 3914 827 3976 (lum
852 3914 966 3989 primae
988 3913 1151 3989 amphoras
1173 3914 1271 3991 piotor
1290 3931 1328 3973 es
1342 3918 1457 3974 lantum

337 4020 453 4096 piotura
475 4016 713 4095 comprehendit,
740 4034 817 4093 quae
847 4034 881 4076 ro
903 4035 975 4077 vera
1003 4014 1106 4076 eodem
1136 4016 1279 4093 temporis
1308 4020 1457 4076 momento

422 4202 444 4269 ¹)
462 4200 525 4257 Vid.
537 4199 729 4267 Mittsilungen
742 4198 793 4254 des
805 4199 895 4253 athen.
906 4198 1033 4253 Instituta
1041 4198 1081 4253 lv
1093 4201 1166 4267 1879,
1183 4198 1238 4252 lab.
1248 4201 1272 4252 9.
1287 4202 1326 4251 10.
1344 4196 1456 4252 Preller·

334 4287 443 4341 Rohert
459 4285 566 4342 Grieoh.
584 4285 668 4354 Myth.
681 4284 700 4339 L
715 4288 806 4352 8321.
842 4282 975 4338 Polemon
992 4282 1024 4338 fr.
1037 4291 1078 4339 41.
1124 4286 1147 4352 ²)
1166 4284 1306 4351 Expressa
1322 4287 1367 4336 est
1383 4282 1456 4352 apud

336 4372 463 4429 Jahnium
482 4370 665 4428 Vasenbildsr
679 4375 752 4441 1839,
764 4370 786 4438 1,
802 4376 823 4425 l.
