3384 5100
320 385 361 444 24

319 556 360 614 At
390 555 522 631 virgines
552 574 629 632 quae
657 554 695 614 ad
725 556 836 615 Istrum
866 559 896 614 et
924 555 1037 615 Phasin
1067 555 1201 615 habitant
1230 571 1328 630 neque
1356 552 1441 630 ipsae

320 657 433 733 Lydiae
463 661 534 717 sunt
563 677 662 734 neque
692 659 870 734 quibuscum
893 658 1007 735 Lydiae
1029 659 1196 735 comparari
1226 657 1357 735 possint,
1386 655 1440 716 sed

320 760 495 820 Amazones.
532 759 618 834 Quae
640 780 712 821 vero
729 762 930 822 Amazonibus
953 761 1148 822 conferantur
1170 778 1292 821 necesse
1315 764 1359 819 est
1381 761 1442 819 sint

320 862 491 923 bellatrices
514 863 562 923 vel
584 864 770 924 bellatricum
795 864 899 924 saltem
922 884 1005 925 more
1027 866 1161 925 vestitae.
1199 867 1333 941 Apparet
1346 863 1443 922 verba

321 964 373 1024 illa
395 965 433 1024 de
455 965 541 1024 nulla
563 965 621 1025 alia
635 966 753 1042 virgine
774 967 874 1044 aptius
898 966 956 1026 dici
979 985 1067 1043 posse
1083 985 1171 1044 quam
1187 965 1224 1026 de
1239 966 1336 1025 Diana
1352 972 1441 1041 atque

321 1067 357 1126 ad
389 1069 591 1128 narrationem
622 1070 701 1129 necis
724 1068 919 1129 Niobidarum
949 1069 1004 1130 hos
1033 1087 1139 1129 versus
1172 1067 1347 1129 referendos
1377 1085 1442 1128 esse

321 1174 403 1248 puto.
447 1169 537 1232 Obori
566 1189 639 1231 vero
671 1174 773 1248 partes
801 1172 919 1249 quinam
951 1173 1140 1248 susceperint
1170 1189 1207 1231 ex
1229 1172 1301 1248 ipsis
1325 1171 1442 1230 tabulae

320 1271 454 1349 reliquiis
476 1274 572 1332 evinci
595 1274 706 1350 nequit.
1423 1331 1427 1336 .

405 1377 530 1435 Praeter
552 1376 669 1435 Nioben
692 1375 851 1435 Tantalum
882 1395 1002 1453 quoque
1031 1377 1060 1435 in
1091 1376 1147 1436 hac
1170 1375 1272 1436 fabula
1294 1376 1442 1454 prodiisse

321 1478 473 1538 Plutarchi
499 1479 667 1538 testimonio
697 1477 746 1551 (de
778 1479 867 1538 exilio
894 1483 976 1540 o.10
1003 1499 1030 1556 p.
1051 1483 1112 1541 603
1125 1477 1165 1553 Α)
1195 1483 1325 1550 constat;
1359 1481 1443 1539 cuius

321 1581 413 1641 verba
441 1585 511 1641 sunt
540 1600 616 1658 quae
646 1580 724 1640 idem
754 1581 936 1641 Plutarchus
964 1587 993 1641 et
1023 1583 1143 1659 plenius
1173 1580 1280 1642 Strabo
1309 1583 1365 1642 XII
1381 1586 1443 1644 580

321 1683 453 1744 servavit
475 1683 510 1743 ir.
527 1687 587 1744 158

474 1815 601 1899 σπείρω
625 1807 653 1880 ὅ
678 1808 828 1900 ἄρουραν
851 1805 967 1898 δώδεχ’
989 1803 1123 1901 ἡμερῶν
1147 1802 1229 1879 ὁδόν

474 1917 664 2002 Βερέκυντα
682 1920 805 2001 χῶρον,
829 1908 903 1982 ἔνθ’
920 1907 1127 2001 Ἀδραστείας
1150 1915 1226 1995 ἕδος

470 2014 532 2107 ’th
553 2043 590 2084 τε
611 2024 817 2106 μυκηθμοῑσι
839 2021 897 2084 καὶ
918 2015 1124 2104 βρυχήμασιν

473 2122 631 2207 βρέμουσι
653 2117 778 2208 μήλων,
799 2125 871 2186 πᾶν
893 2113 922 2188 δ’
945 2122 1125 2208 ἐπιρροθεῖ
1143 2123 1286 2204 mederi)

321 2266 379 2326 Sed
410 2265 487 2325 hanc
518 2265 688 2325 divitiarum
719 2266 950 2342 descriptionem
983 2285 1049 2325 mox
1079 2270 1184 2327 secuta
1213 2272 1260 2327 est
1282 2267 1445 2328 miserrima

321 2369 492 2429 lamentatio
516 2368 551 2428 fr.
568 2371 638 2430 159.

474 2494 576 2584 οὑμὸς
600 2498 634 2564 δὲ
655 2494 787 2583 πότμος
810 2491 948 2585 οὐρανῷ
970 2503 1088 2585 κυροῦν
1111 2493 1182 2567 dvm

476 2599 570 2687 ἐ’ραζε
592 2604 707 2668 πίπτει
730 2604 786 2667 καί
807 2626 848 2687 με
869 2617 1069 2689 προσφωνεῖ
1090 2601 1182 2670 τάδε’

476 2707 640 2790 γίγνωσκε
661 2696 883 2791 τάνθρώπεια
905 2700 949 2794 μὴ
971 2707 1079 2786 σέβειν
1102 2702 1195 2791 ἄγαν.

322 2854 399 2912 Nam
423 2851 477 2911 hos
493 2868 598 2911 versus
613 2850 730 2926 priores
746 2850 813 2909 illos
829 2869 888 2910 non
906 2852 991 2911 nimis
1006 2852 1096 2928 longo
1112 2853 1270 2912 intervallo
1292 2854 1444 2930 excepisse

321 2953 504 3015 Plutarchus
527 2954 637 3013 diserte
659 2957 796 3014 testatur.
840 2954 946 3014 Utrum
978 2954 1057 3014 filiae
1087 2959 1200 3015 tantum
1231 2957 1364 3017 miserias
1391 2976 1444 3016 rex

321 3059 498 3117 lamentatus
522 3058 560 3116 sit
583 3076 620 3115 an
644 3056 806 3117 domestico
830 3056 912 3117 luctu
935 3056 1063 3118 afflictus
1086 3058 1243 3118 advenerit
1261 3059 1389 3119 -licet
1408 3059 1445 3119 de

319 3162 402 3221 Jovis
432 3162 478 3220 ira
500 3161 657 3237 Pelopisve
690 3164 771 3220 sorte
801 3162 967 3237 cogitemus
988 3192 1032 3201 -
1053 3161 1083 3221 id
1105 3163 1273 3222 accuratius
1300 3182 1445 3239 quaerere

321 3264 416 3322 mitto:
441 3262 513 3322 satis
536 3263 629 3321 multa
653 3261 690 3322 de
707 3262 856 3339 colloquio
872 3264 965 3340 patris
981 3262 1110 3323 infelicis
1125 3284 1190 3324 cum
1206 3263 1267 3324 filia
1283 3265 1445 3326 infeliciore

320 3369 425 3441 aperta
440 3368 586 3441 prostant.
608 3365 685 3424 Nam
703 3364 790 3425 modo
804 3364 1027 3425 consideremus
1045 3371 1074 3426 et
1089 3371 1292 3444 spectatorum
1309 3387 1401 3429 cauea
1416 3373 1445 3429 et

321 3467 483 3528 secundum
516 3467 589 3526 artis
611 3468 798 3544 Aeschyleae
829 3469 912 3543 leges
942 3487 1067 3529 neeesse
1096 3469 1188 3529 fuisse
1215 3472 1384 3531 accuratius
1407 3472 1445 3532 de

321 3571 480 3631 liberorum
515 3588 588 3631 nece
620 3572 785 3647 ceterisque
815 3572 933 3631 Niobae
963 3572 1052 3631 rebus
1083 3571 1217 3633 adversis
1250 3572 1446 3652 proferretur,

320 3693 418 3751 neque
448 3678 546 3734 tamen
578 3678 698 3751 praeter
729 3675 890 3735 Tantalum
920 3694 1097 3752 quemquam
1129 3676 1277 3753 prodiisse
1308 3679 1380 3753 quin
1411 3696 1446 3737 ea

320 3777 383 3838 fata
415 3781 537 3855 aspectu
568 3779 799 3856 praesentiaque
832 3778 935 3850 sciret,
969 3783 1095 3857 apparet
1128 3780 1184 3857 ipsi
1217 3780 1294 3857 patri
1326 3781 1444 3841 Nioben

322 3882 440 3958 longius
471 3880 641 3940 narravisse
672 3882 739 3957 quis
769 3880 823 3941 sibi
855 3877 940 3941 oas’us
974 3884 1117 3942 evenerit.
1171 3881 1219 3941 Ad
1253 3882 1331 3942 hano
1363 3885 1445 3944 necis

321 3983 521 4043 narrationem
545 3982 579 4043 fr.
598 3986 672 4060 155,
702 4002 762 4060 quo
785 3983 900 4043 Dianae
931 3985 1051 4045 habitus
1081 3984 1277 4057 describatur,
1306 3990 1445 4062 spectare

320 4106 411 4164 supra
435 4086 504 4163 dixi,
526 4087 564 4145 ad
589 4086 712 4147 eandem
737 4086 836 4147 refero
859 4086 894 4147 fr.
913 4092 973 4149 160

320 4222 521 4230 ...ἡ-ω...-

408 4287 429 4349 ¹)
447 4277 588 4354 βρέμουσι
607 4284 793 4353 casaubonus,
812 4283 875 4341 libri
893 4278 1023 4354 ίριιουσι,
1059 4279 1217 4355 ἐπιρροθεῖ
1232 4284 1367 4354 Goorlits,
1384 4286 1446 4340 libri

323 4361 447 4441 ίρὲχθει,
466 4368 593 4423 Meiuelre
613 4362 775 4441 ἐρέχθεται.
