3384 5100
335 477 354 532 o

336 641 509 703 Beundorlli
532 644 684 720 egregiam
708 641 941 720 disputationem
951 639 973 713 ¹)
996 641 1075 700 inter
1097 659 1199 701 omnes
1222 645 1349 700 constat.
1393 641 1457 699 Neo

335 749 440 806 auctor
463 746 596 822 picturae
619 746 705 805 latet:
728 745 832 805 'Phaon
856 744 911 804 fuit
932 744 1056 825 Samius.
1066 735 1091 815 ²)

421 849 518 925 Ipsam
554 849 791 926 Clytaemestrae
825 865 928 907 necem
958 845 1123 907 secundum
1153 847 1297 924 Aeschyli
1325 845 1457 906 tabulam

334 951 453 1028 pictura
475 952 657 1028 Pompeiana
680 951 807 1028 exhibet,
830 950 908 1026 quae
931 968 1074 1026 expressa
1096 952 1142 1010 est
1164 951 1193 1008 in
1215 949 1301 1008 diarii
1318 949 1456 1008 arc-haco-

335 1055 422 1130 logici
438 1058 507 1114 tom.
522 1054 590 1113 XLI
615 1057 696 1115 1883
720 1053 778 1113 tab.
794 1056 821 1125 9,
839 1058 866 1113 1.
910 1055 1006 1112 Mater
1022 1051 1124 1111 mortis
1139 1051 1298 1112 formidine
1313 1069 1457 1129 percussa

336 1176 488 1216 mammam
513 1157 642 1234 detegIt,
669 1175 732 1234 qua
758 1155 850 1215 filium
874 1154 1024 1232 quondam
1052 1155 1164 1227 alebat,
1194 1155 1307 1214 frustra
1333 1157 1456 1214 mortem

335 1259 505 1337 deprecata.
550 1258 695 1320 Oonseras
718 1259 964 1336 Ohoephororum
988 1276 1092 1318 versus
1115 1260 1284 1320 eoo-898

490 1371 628 1456 ἐπίσχες,
652 1358 679 1436 ὦ
702 1384 772 1452 παῖ,
795 1367 896 1438 τόνδε
920 1362 948 1437 δ’
972 1371 1109 1451 αἴδεσαι,
1131 1370 1264 1451 τέκνον,

488 1470 627 1560 μαστὸν,
649 1471 735 1559 πρὸς
758 1475 786 1556 od
810 1469 851 1540 σὺ
873 1470 984 1539 πολλὰ
1005 1470 1045 1561 δὴ
1067 1475 1191 1559 βρίζων
1215 1467 1281 1558 ἅμα

488 1573 639 1644 οὔλοισιν
662 1576 838 1666 ἐξήμελξας
862 1568 1023 1661 εὐτραφὲς
1045 1577 1141 1661 γάλα.

336 1689 391 1750 Oui
413 1691 548 1766 picturae
571 1690 621 1766 qui
644 1688 766 1748 similem
791 1687 920 1765 speclem
944 1707 1017 1764 prae
1040 1707 1073 1747 se
1095 1687 1155 1747 fert
1177 1688 1384 1765 sarcophagus
1402 1691 1456 1748 Pe·

334 1792 533 1870 tropohtanus
557 1790 622 1868 (Nr.
639 1795 699 1852 155
723 1791 803 1868 apud
827 1791 1002 1860 Robertuml
1025 1790 1105 1850 haud
1130 1792 1191 1851 solo
1222 1810 1260 1850 an
1285 1811 1344 1850 non
1374 1795 1456 1851 recte

335 1895 404 1955 huic
428 1894 526 1956 ordini
549 1895 771 1971 adnumeretur,
794 1913 861 1953 cunr
884 1893 923 1954 ad
946 1895 1024 1952 alius
1048 1894 1203 1953 cuiusdam
1219 1898 1324 1970 politae
1340 1899 1456 1972 tragoe-

311 1999 413 2059 diam
437 2017 503 2059 eum
527 2002 664 2075 spectare
688 2001 770 2057 certa
792 1998 880 2074 signa
902 1989 1073 2073 doceant.³)
1118 1997 1230 2058 Contra
1258 1998 1338 2056 haud
1366 1998 1456 2058 dublo

334 2103 394 2162 huc
416 2101 546 2179 pertinet
573 2101 728 2178 amphora,
758 2118 835 2176 quac
867 2097 1002 2160 Orestem
1034 2099 1155 2160 exhibet
1185 2119 1251 2159 cum
1283 2118 1386 2160 sorore
1417 2100 1456 2160 ad

334 2205 429 2283 patris
452 2203 597 2264 tumulum
621 2200 861 2280 coug1·essum.⁴)
905 2201 1001 2275 Quam
1031 2221 1095 2261 rem
1121 2202 1304 2280 Aeschylum
1332 2203 1456 2279 perinde

262 2366 270 2376 ,
333 2326 369 2367 ac
392 2307 591 2368 Stesichorum
615 2307 783 2366 narravisse
807 2310 932 2377 constat,
955 2307 1013 2364 nisi
1036 2306 1117 2382 quod
1133 2305 1277 2383 Pyladem
1300 2326 1365 2367 cum
1386 2307 1455 2366 'Pal-

333 2409 437 2486 thyblo
453 2408 568 2470 Orestis
591 2409 697 2468 comite
721 2408 855 2468 mutavit.
899 2407 1118 2468 Stesichoream
1134 2409 1262 2469 fabulam
1279 2409 1335 2468 iam
1352 2411 1455 2486 quinto

333 2511 453 2574 saeculo
475 2512 597 2572 ineunte
619 2513 649 2571 ln
666 2511 837 2589 anaglypho
860 2511 982 2588 figullno
1006 2530 1176 2588 expressam
1193 2513 1280 2573 etiam
1304 2511 1456 2573 Inferioris

333 2616 438 2676 aetatis
467 2616 597 2691 pictores
628 2615 720 2674 seculi
750 2613 861 2687 suut.⁵)
905 2616 1036 2675 Nostrae
1063 2634 1135 2675 vero
1167 2617 1328 2692 amphorae
1358 2618 1455 2694 plctor

333 2724 366 2779 ut
389 2719 557 2795 exemplum
581 2718 655 2777 illud
679 2717 717 2776 ad
733 2717 875 2794 Aeschyli
898 2717 1028 2777 fabulam
1049 2719 1297 2794 accommodaret,
1319 2718 1454 2780 Orestem

332 2824 430 2900 pinxit
453 2842 518 2882 cum
541 2821 656 2899 Pylade
680 2826 709 2881 et
731 2839 827 2898 puero
852 2822 982 2899 quodam
1006 2823 1112 2882 comite
1136 2822 1173 2881 ad
1197 2824 1292 2900 patris
1308 2823 1455 2884 tumulum

332 2945 515 3003 aggressum,
538 2944 627 3004 quem
651 2925 771 2985 Electra
794 2924 930 2985 adornat.

417 3098 464 3157 Ab
488 3097 613 3159 Orestea
634 3097 673 3157 ad
698 3090 906 3157 Prometheum
929 3091 1058 3157 vinclum
1082 3101 1218 3173 transeo,
1247 3117 1335 3174 quam
1365 3117 1453 3157 unam

331 3204 451 3277 praeter
481 3200 560 3259 illam
592 3219 608 3261 e
635 3200 745 3260 fabulis
773 3201 901 3260 servatis
931 3201 1061 3277 pictores
1089 3201 1274 3277 spectavisse
1305 3200 1455 3261 videntur.

331 3304 399 3363 Huc
421 3304 534 3363 rettullt
553 3300 782 3380 Furtwaengler
805 3302 936 3379 lapidem
959 3304 1092 3380 incisum,
1115 3304 1165 3379 qui
1188 3304 1312 3362 titanem
1334 3303 1455 3363 exhibet

332 3424 397 3464 oum
427 3405 562 3465 Vulcano
596 3403 832 3478 coniunctum.⁶)
883 3405 1078 3465 Prometheus
1109 3406 1159 3481 qui
1191 3406 1311 3465 lmmanl
1341 3409 1455 3465 statura

417 3537 435 3602 1)
453 3535 485 3588 Iu
499 3535 644 3589 annalibus
657 3534 779 3589 iustitutl
791 3535 990 3603 archaeologici
998 3536 1135 3592 XXXVII
1149 3541 1213 3590 1865
1228 3551 1256 3603 p.
1267 3540 1325 3589 224.
1361 3536 1380 3603 ²)
1391 3535 1452 3590 Vid.

330 3620 475 3675 Benudorl'
485 3621 502 3675 l.
513 3638 535 3673 c.
545 3638 572 3688 p.
585 3625 642 3675 239.
678 3622 700 3689 ³)
715 3621 777 3676 Vid.
789 3621 898 3675 Robert
914 3620 931 3675 l.
942 3622 958 3673 l.
977 3638 1004 3688 p.
1016 3626 1073 3675 165.
1116 3622 1138 3689 4)
1151 3621 1342 3691 lleydemann,
1360 3621 1454 3675 Vasen

330 3706 381 3760 des
399 3706 496 3760 Museo
514 3707 657 3761 naalonale
675 3724 709 3761 zu
727 3706 839 3775 Neapel.
867 3707 918 3762 No.
930 3712 1003 3761 1755.
1026 3737 1060 3745 —
1083 3707 1267 3775 BaumeIster‚
1284 3706 1453 3762 Bilderhefte

330 3792 380 3847 No.
396 3796 454 3846 280.
505 3794 528 3859 5)
547 3792 620 3846 Mon.
635 3793 661 3846 d.
678 3792 746 3847 lust.
762 3793 801 3847 VI
819 3796 874 3847 lav.
890 3792 974 3848 LVII.
1010 3793 1101 3847 Conse
1124 3793 1152 3845 ln
1169 3793 1313 3848 annalibus
1336 3793 1455 3846 iustituti

330 3877 530 3947 archaeologlci
539 3883 597 3932 tom
608 3882 670 3933 1861
686 3896 713 3947 p.
723 3884 763 3951 84.
783 3879 896 3947 Robert,
905 3877 968 3931 Bild
979 3878 1036 3932 und
1045 3878 1114 3931 Lied
1125 3896 1152 3948 p.
1162 3884 1247 3933 lolss.
1282 3880 1304 3944 Θ)
1322 3878 1355 3931 In
1368 3878 1453 3933 diario

330 3962 537 4032 archacologlco
559 3964 650 4018 XLIII
670 3969 733 4019 1885
752 3980 778 4032 p.
791 3970 848 4018 223.
890 3964 1004 4019 Gemma
1019 3964 1161 4018 Odessana
1177 3966 1237 4019 sine
1255 3964 1339 4018 dubio
1357 3964 1453 4020 eadem

330 4055 381 4117 cst,
397 4066 478 4118 quam
495 4050 640 4105 Eduardus
660 4050 815 4105 Gerhardus
828 4052 856 4105 in
875 4051 960 4105 diario
978 4049 1183 4118 archaeologico
1197 4050 1389 4104 delineandam
1406 4066 1452 4104 cu-

330 4136 402 4190 ravit
420 4135 468 4205 (IV
490 4140 554 4191 1848
572 4136 724 4206 sauvis),
744 4138 779 4191 de
791 4136 872 4193 UIIxe
885 4143 913 4191 et
925 4136 1079 4191 Philoctete
1096 4136 1193 4190 Iniusta
1210 4136 1344 4204 cogians.
1370 4138 1453 4204 Lapis

330 4226 396 4275 tunc
409 4220 539 4291 Smyrnae
553 4226 619 4276 erat.
655 4222 738 4290 Fugit
749 4222 802 4276 hoo
814 4221 1078 4290 Furtwaenglcrum;
1096 4222 1147 4276 sed
1166 4221 1248 4276 etiam
1266 4222 1352 4289 maglo
1371 4222 1453 4275 miror

329 4304 484 4374 Blochium‚
510 4305 556 4374 qui
579 4320 666 4374 nuper
690 4305 725 4359 de
749 4321 857 4374 gemma
881 4306 926 4359 illa
948 4305 1071 4361 slmiliter
1092 4322 1124 4359 ac
1142 4306 1298 4361 Gcrhardus
1321 4305 1453 4360 iudicavit

331 4389 548 4457 (GrIeschlscher
572 4390 797 4444 Wandschmuclx
819 4409 847 4459 p.
869 4393 928 4460 35),
950 4392 1233 4460 Furtwaenglerianac
1258 4391 1453 4459 dIsputatiouis

331 4490 446 4542 prorsus
465 4476 651 4531 immemorem
670 4474 762 4530 luisse.
