3384 5100
359 453 399 530 ts

355 645 476 718 gereret
498 672 537 682 -
562 641 689 703 eundem
719 641 831 703 scilicet
860 643 911 720 qui
937 647 1028 705 autea
1050 644 1176 705 Vulcani
1208 663 1365 723 personam
1397 642 1481 706 indu·

357 749 485 804 erat-
507 745 561 806 sub
584 763 657 806 saxo
688 745 829 806 latentem
854 764 960 807 versus
991 749 1232 824 pronuntiavisse
1261 748 1339 808 inter
1370 751 1482 826 peritos

355 849 463 925 opinor
478 853 604 909 constat.
637 851 746 926 Neque
762 850 859 908 miuus
875 859 989 910 certum
1006 853 1051 909 eet
1066 851 1183 911 duobus
1198 855 1312 911 tantum
1330 853 1482 914 actoribus

353 949 392 1009 ad
415 949 546 1010 fabulam
570 950 718 1028 agendam
741 970 817 1028 opus
839 951 941 1030 fuisse,
963 971 1029 1013 cum
1053 953 1158 1013 Robur
1180 953 1320 1016 Oceanus
1342 955 1378 1015 Jo
1402 957 1479 1015 Mer·

354 1054 453 1113 curius
476 1054 641 1115 abeodem
664 1060 764 1115 actore
788 1053 836 1131 agi
860 1059 990 1132 possent.
1035 1057 1200 1133 Utramque
1223 1058 1368 1117 rationem
1391 1059 1478 1118 etiam

353 1155 391 1215 ad
413 1157 550 1218 Solutum
573 1157 675 1218 valere
698 1157 746 1218 vel
776 1159 902 1218 maxime
929 1159 1090 1218 verisimile
1121 1164 1174 1219 est
1219 1159 1358 1221 illicitur
1387 1163 1478 1237 igitur

352 1278 412 1318 nou
434 1258 532 1338 ipsum
547 1260 718 1320 Promethei
742 1265 872 1320 actorem
896 1260 948 1320 sed
971 1261 1160 1321 simulacrum
1183 1262 1255 1322 illud
1278 1266 1331 1323 aut
1351 1264 1478 1324 achoro

350 1361 491 1422 Titanum
522 1367 574 1423 aut
605 1363 819 1424 allusionibus
848 1365 877 1422 in
908 1363 1005 1423 exodo
1034 1363 1154 1424 fabulae
1183 1383 1199 1424 e
1230 1382 1341 1426 scaeua
1365 1367 1475 1426 elatum

350 1484 424 1543 esse,
446 1470 480 1526 ut
501 1467 625 1526 inlatum
647 1471 711 1526 erat
734 1485 752 1526 a
774 1466 896 1527 Robure
918 1472 948 1526 et
962 1468 1125 1544 Potestate‚
1147 1485 1245 1544 neque
1266 1469 1475 1528 Prometheum

350 1589 416 1630 cum
448 1569 563 1631 solutus
593 1573 673 1629 esset
702 1570 797 1629 ullum
828 1569 958 1647 amplius
980 1587 1099 1628 versum
1124 1568 1225 1629 dicere
1248 1571 1391 1646 potuisse.
1434 1569 1476 1630 Si-

349 1673 433 1733 lentii
457 1673 565 1732 multas
587 1690 658 1732 saue
682 1690 788 1733 canses
804 1676 893 1749 polita
909 1671 1051 1748 effingere
1067 1672 1176 1748 potnit3
1200 1672 1370 1733 memineris
1385 1692 1475 1751 qnam

348 1776 448 1855 lepide
472 1774 597 1836 eandem
629 1774 831 1835 difficultatem
856 1774 1015 1852 Euripides
1045 1776 1167 1835 solverit
1198 1776 1227 1834 iu
1258 1775 1317 1836 fine
1339 1775 1475 1836 Alcestis.

347 1882 388 1941 At
419 1881 485 1957 quis
514 1882 559 1940 est
590 1880 640 1957 qni
663 1878 786 1938 vincula
809 1879 979 1938 Promethei
1005 1877 1142 1956 ruperit?
1187 1877 1327 1938 Castores
1351 1883 1474 1940 catenas

348 1981 535 2060 expedivisse
566 1987 595 2042 et
624 1998 748 2041 cuneum
779 1999 795 2040 e
826 1999 955 2057 corpore
977 1981 1093 2041 Titanis
1123 1982 1290 2041 extraxisse
1320 1981 1402 2041 haud
1432 1982 1475 2042 ita

346 2085 506 2146 verisimile
528 2089 573 2145 est
596 2102 693 2161 neque
715 2084 863 2143 Hercules
886 2082 1004 2159 quidem
1030 2084 1086 2142 hoc
1110 2102 1231 2144 munere
1253 2083 1338 2160 fungi
1361 2085 1473 2163 potnit3

346 2208 414 2250 nam
438 2190 462 2248 si
478 2192 559 2248 recte
575 2186 725 2264 disputavi
748 2185 824 2247 duos
846 2190 964 2246 actores
986 2185 1105 2247 fabulae
1126 2185 1263 2263 agendae
1283 2186 1473 2262 satisfecisse,

346 2310 413 2352 eum
442 2308 567 2352 necesse
596 2293 660 2350 erat
689 2309 707 2350 a
737 2306 848 2348 scaena
878 2288 1023 2348 recedere
1044 2289 1217 2365 priusquam
1242 2289 1381 2349 Castores
1403 2308 1471 2367 pro-

345 2393 451 2455 dirent.
509 2393 617 2470 Neque
649 2409 722 2453 saue
756 2410 811 2467 per
843 2409 876 2452 se
909 2395 1141 2451 cousentaneum
1176 2395 1222 2452 cst
1254 2410 1320 2451 eum
1354 2392 1473 2452 vincula

345 2497 475 2576 rupisse,
508 2515 585 2575 quae
615 2495 840 2574 inexplicabilia
870 2495 1022 2556 Vulcanus
1055 2498 1210 2555 nexuerat
1268 2495 1347 2570 Quid
1377 2497 1471 2558 vero?

344 2604 453 2661 Nonne
474 2600 539 2678 ipse
562 2599 731 2675 Aeschylus
753 2600 783 2658 in
805 2598 915 2657 Vincto
945 2597 1057 2657 indicat
1078 2599 1238 2658 Herculem
1260 2599 1469 2660 Prometheum

343 2722 409 2765 esse
439 2704 607 2764 soluturum
637 2701 677 2777 (r.
699 2699 844 2773 cnossi?
876 2700 1025 2762 Concedo.
1069 2702 1109 2760 At
1132 2701 1249 2761 mimine
1280 2702 1352 2763 dicit
1379 2710 1470 2780 poeta

343 2808 405 2868 suis
435 2807 529 2885 ipsius
560 2804 696 2865 manibus
724 2804 885 2864 Herculem
918 2803 1037 2863 vincula
1066 2807 1225 2881 rupturum
1255 2822 1328 2865 esse.
1375 2806 1468 2865 lmmo

343 2910 393 2987 qui
415 2909 544 2986 aquilam
568 2907 719 2985 deiecerit,
741 2905 791 2984 qui
814 2907 945 2983 rigorem
961 2905 1131 2967 Promethei
1148 2907 1280 2979 solverit,
1302 2908 1353 2983 qui
1370 2912 1468 2969 osteu-

342 3011 427 3085 derit,
450 3031 508 3089 qno
532 3010 618 3071 modo
634 3009 724 3069 Titan
747 3026 813 3067 cum
830 3009 905 3068 Jove
928 3008 1080 3068 conciliari
1103 3008 1205 3086 possit,
1231 3028 1331 3070 nonne
1346 3010 1372 3069 is
1395 3010 1468 3071 satis

340 3114 420 3175 bono
442 3114 507 3175 inre
529 3096 548 3170 ὁ
571 3102 675 3182 λύσας
707 3110 764 3171 dici
796 3101 937 3170 videtur?
981 3110 1021 3169 At
1051 3109 1113 3169 dixi
1147 3112 1253 3188 opinor
1284 3130 1376 3189 snpra
1402 3113 1467 3173 eins

340 3236 462 3291 nomeu,
491 3217 543 3293 qui
572 3214 765 3275 simulacrum
792 3231 905 3272 asaxo
928 3212 1070 3273 refixerit.
1116 3212 1177 3287 Qui
1207 3214 1323 3291 pepigit
1345 3215 1467 3276 vincula

341 3320 479 3380 nimirum
502 3318 614 3378 laxavit
637 3316 802 3377 Vulcanus!
847 3316 1017 3375 Memineris
1040 3315 1127 3375 velim
1156 3333 1245 3393 quam
1268 3316 1342 3376 alias
1363 3320 1466 3394 partes

338 3424 364 3483 is
396 3421 427 3481 iu
463 3422 570 3482 Vincto
603 3420 770 3497 susceperit
807 3437 842 3477 ac
879 3420 971 3479 ceteri
1007 3419 1138 3479 iuniores
1175 3419 1236 3497 dei,
1272 3438 1399 3496 quorum
1436 3425 1466 3481 et

339 3526 488 3602 interpres
511 3524 679 3584 Mercurius
701 3526 731 3583 et
753 3521 880 3582 ministri
902 3520 1002 3582 Robur
1024 3525 1115 3598 atque
1136 3522 1274 3583 Potestas
1295 3522 1464 3601 superbiam

337 3628 474 3707 iramque
512 3628 543 3687 iu
587 3625 739 3687 infelicem
779 3624 918 3685 Pitanem
961 3629 1130 3703 erumpunt
1185 3624 1296 3685 Videas
1337 3625 1463 3687 Vulcani

337 3732 432 3793 verba

372 3924 399 3964 r.
417 3907 465 3965 19.
489 3888 617 3961 ἄκοντά
640 3886 668 3960 σ’
690 3887 784 3960 ἄκων
807 3889 981 3972 δυσλύτοις
1001 3890 1229 3979 χαλκεύμασιν

488 3993 796 4084 προσπασσαλεύσω
818 3987 900 4082 τοῦδ)
922 3986 1146 4081 ἀπανθρώπῳ
1168 3993 1276 4082 πάγῳ.

415 4162 464 4220 34.
611 4145 688 4227 Διὸς
709 4144 772 4234 γὰρ
796 4148 1060 4235 δυσπαραίτητοι
1082 4149 1215 4234 φρένες·

489 4244 575 4331 ἅπας
597 4252 633 4318 δὲ
654 4247 783 4337 τραχὺς,
806 4244 898 4329 ὅστις
920 4243 963 4316 ἂν
984 4250 1065 4316 νέον
1087 4253 1204 4335 κρατῇ.

412 4416 462 4476 66.
483 4406 561 4487 αἰαῖ,
586 4408 780 4493 Προμηθεῦ,
805 4406 877 4470 σῶν
899 4393 987 4491 ὑπὲρ
1009 4405 1118 4471 στένω
1139 4402 1267 4475 πόνων.
