3384 5100
1320 412 1359 470 27

239 582 397 643 Tantalum
414 600 572 659 personam
593 580 743 660 quandam
760 581 953 658 processisse,
976 599 1052 658 quae
1074 581 1130 640 etsi
1150 580 1248 640 multis
1262 578 1362 639 verbis

240 685 362 761 reginae
385 685 512 744 instaret
533 688 633 745 tamen
656 689 690 744 ut
712 684 910 762 responderet
936 684 989 742 illa
1010 684 1059 743 vel
1087 701 1190 744 vocem
1213 683 1364 743 emitteret

240 806 299 847 uon
315 786 499 864 impetraret.
533 787 680 847 Nimirum
698 805 796 848 coram
814 791 900 864 putre
917 786 1047 863 taudem,
1068 785 1098 846 id
1115 790 1160 848 est
1173 787 1202 846 iu
1218 789 1363 863 sequente

240 890 392 968 episodio,
413 891 511 951 Niobe
535 908 568 951 os
592 891 720 967 aperuit.
765 891 850 950 Hanc
879 909 966 968 quam
990 891 1163 950 coniectura
1184 888 1363 966 sumpsimus

240 1011 399 1070 personam
422 993 547 1054 eandem
579 1011 645 1052 esse
668 993 822 1054 mulierem
846 1012 936 1070 quam
965 994 994 1053 in
1017 994 1136 1072 pictura
1158 990 1362 1052 considentem

240 1114 330 1174 supra
353 1095 582 1156 commemoravi
606 1096 655 1156 vel
678 1095 804 1156 maxime
833 1097 994 1156 verisimile
1016 1101 1070 1156 est.
1114 1095 1267 1169 Quaenam
1291 1113 1363 1154 vero

241 1199 279 1257 sit
300 1199 353 1258 illa
376 1197 456 1258 haud
484 1197 573 1259 lacile
602 1202 773 1259 statuamus.
818 1199 864 1258 Ad
896 1198 1040 1259 nutricem
1069 1199 1209 1275 reginae,
1238 1199 1275 1259 de
1303 1217 1364 1274 qua

241 1301 384 1377 imprimis
407 1301 602 1378 cogitaveris,
633 1321 689 1360 nec
713 1301 830 1362 habitus
858 1319 915 1360 nec
937 1302 1039 1361 vultus
1066 1302 1137 1361 satis
1161 1301 1268 1361 nobilis
1290 1319 1363 1377 qua-

241 1403 341 1475 drant,
373 1421 470 1480 neque
501 1404 711 1479 Hcydemanui
740 1405 915 1464 coniectura
935 1404 1034 1481 placet
1055 1404 1174 1464 Tantali
1203 1423 1268 1464 eam
1296 1421 1363 1463 esse

242 1523 373 1566 uxorem.
417 1507 493 1566 Nam
516 1525 553 1566 ea
575 1511 635 1567 tam
658 1507 805 1567 obscurae
829 1509 990 1566 memoriae
1012 1506 1093 1582 apud
1113 1512 1231 1567 veteres
1245 1506 1309 1584 fuit,
1331 1511 1364 1566 ut

241 1607 322 1686 apud
337 1609 519 1686 Aeschylum
543 1610 620 1668 illam
645 1611 724 1670 ullas
747 1614 850 1688 partes
873 1610 1012 1670 babuisse
1034 1611 1085 1669 vix
1100 1609 1187 1669 nobis
1202 1609 1363 1687 persuade·

242 1730 333 1772 amus.
378 1710 458 1772 (terti
481 1711 644 1789 quidquam
663 1713 859 1788 pronuntiare
882 1730 1072 1790 nequaquam
1089 1711 1195 1784 audeo,
1217 1710 1269 1771 sed
1286 1713 1363 1772 iuter

241 1832 344 1874 omues
375 1833 451 1891 quae
474 1834 492 1875 a
518 1821 608 1892 poeta
635 1815 736 1876 induci
766 1818 930 1892 potueruut
959 1816 1099 1875 heroiuas
1125 1815 1209 1874 nulla
1231 1833 1301 1876 saue
1324 1813 1362 1875 ad

241 1922 341 1994 partes
376 1918 444 1977 illas
478 1918 683 1994 suscipiendas
715 1919 815 1994 aptior
844 1917 936 1977 luisse
969 1917 1088 1977 videtur
1121 1936 1209 1994 quam
1233 1917 1363 1994 Antiope

244 2020 421 2097 Amphionis
452 2024 554 2080 mater.
599 2021 692 2095 Quam
724 2020 775 2079 tilii
806 2021 998 2097 superstitem
1029 2020 1213 2096 Aeschylum
1242 2018 1363 2079 fluxisse

241 2122 354 2184 nullam
377 2141 449 2183 sane
477 2123 568 2184 babet
590 2125 793 2184 offensionem.
836 2122 926 2184 Haud
949 2124 1010 2184 scio
1027 2143 1063 2183 au
1080 2122 1119 2183 ad
1141 2123 1205 2182 eius
1227 2123 1363 2182 consola·

240 2226 334 2287 tiones
349 2231 432 2286 recte
447 2220 572 2287 referam
589 2226 787 2304 fragmentum
804 2229 873 2300 156,
896 2245 955 2304 quo
970 2227 999 2286 in
1016 2225 1088 2286 deos
1104 2244 1220 2286 omnem
1244 2227 1362 2302 culpam

241 2329 405 2390 transicerc
428 2333 554 2390 conatur

530 2453 611 2535 θεὸς
633 2457 694 2542 μὲν
716 2457 828 2523 αἰτίαν
850 2453 928 2540 φύει
950 2462 1085 2542 βροτοῖς

444 2553 528 2627 ὅταν
550 2566 702 2627 κακῶσαι
725 2563 820 2647 δῶμα
842 2555 1027 2650 παμπήδην
1050 2562 1143 2645 θέλῃ.

325 2690 359 2748 ln
393 2690 545 2766 superiore
578 2690 739 2765 amphorae
772 2694 857 2765 parte
890 2689 938 2749 dei
975 2689 1089 2749 ultores
1123 2690 1363 2767 conspiciuntur:

240 2792 386 2869 luppiter,
409 2794 458 2867 qui
481 2790 660 2868 Amphionis
682 2792 795 2869 regiam
821 2792 942 2869 fulgure
964 2792 1174 2869 inflammavit,
1196 2792 1312 2851 Latona
1334 2796 1365 2851 et

240 2894 339 2966 liberi,
369 2893 421 2970 qui
451 2893 590 2953 Niobidis
621 2895 782 2970 perniciem
813 2894 955 2954 tulerunt.
999 2894 1058 2968 Qui
1088 2913 1270 2972 quamquam
1300 2895 1364 2954 siue

241 2996 332 3056 dubio
355 2997 527 3073 saepissime
550 2997 581 3055 iu
604 2996 760 3073 tragoedia
783 2997 1101 3074 commemorabantur,
1123 3001 1221 3056 tamen
1244 2996 1364 3055 tabulae

241 3117 386 3176 personae
415 3104 497 3159 certo
528 3118 587 3159 non
618 3099 748 3159 fuerunt
793 3099 850 3159 Sed
881 3117 930 3159 res
961 3099 1050 3159 dubia
1079 3106 1126 3160 cst
1153 3101 1182 3159 in
1207 3099 1364 3159 Mercurio.

241 3204 344 3262 Potest
367 3204 400 3260 ut
422 3202 565 3261 solemnis
587 3203 671 3262 ,lovis
699 3201 819 3261 satelles
842 3202 920 3262 ultro
944 3221 962 3260 a
984 3204 1099 3279 pictore
1121 3202 1258 3262 adiectus
1281 3218 1364 3272 esse3

241 3307 340 3381 potest
369 3321 440 3363 vero
470 3322 591 3380 quoque
621 3303 651 3363 in
684 3302 839 3380 tragoedia
870 3303 953 3363 Jovis
983 3304 1067 3363 iussu
1097 3304 1214 3364 Nioben
1247 3304 1364 3365 adiisse.

241 3409 318 3467 Nam
347 3406 506 3467 dummodo
534 3412 617 3465 recte
645 3405 820 3466 coniecerim
843 3406 1026 3482 Aeschylum
1050 3407 1130 3465 haud
1154 3408 1250 3468 minus
1273 3426 1362 3484 quam

242 3514 272 3571 iu
295 3512 411 3571 Niobae
438 3511 579 3588 superbia
608 3512 713 3589 iraque
741 3512 875 3571 Latonae
904 3513 933 3570 iu
961 3513 1053 3588 ipsius
1076 3512 1251 3588 Amphionis
1277 3513 1365 3589 culpa

242 3620 273 3674 et
294 3615 377 3675 lovis
400 3615 511 3675 ultione
535 3618 683 3673 versatam
707 3632 787 3691 esse,
818 3615 882 3673 veri
911 3633 970 3674 uon
995 3620 1041 3674 est
1063 3615 1205 3674 dissimile
1227 3617 1362 3674 nuntium

241 3719 304 3778 cius
319 3735 511 3794 progressum
525 3734 598 3789 esse,
615 3718 665 3793 qui
683 3721 819 3778 narraret
836 3736 890 3776 cur
906 3716 1066 3793 periissent
1081 3708 1114 3775 oi
1129 3707 1235 3797 Ζηνὸς
1257 3707 1363 3795 ἐγγὺς,

242 3811 275 3879 ci
296 3814 391 3879 θεῶν
413 3804 621 3898 ἀγχίσποροι,
660 3819 784 3879 Accedit
800 3820 881 3896 quod
897 3821 1064 3879 Mercurius
1079 3819 1239 3879 fidissimus
1255 3822 1363 3880 mortui

241 3923 320 3999 regis
342 3920 522 3998 Amphionis
545 3927 692 3999 patronus
713 3921 784 3997 fuit,
813 3941 901 3999 quem
925 3922 991 3999 lyra
1015 3921 1154 3998 donavit,
1181 3923 1265 3982 cuius
1288 3941 1363 3982 sono

241 4043 295 4083 rex
317 4023 488 4083 Thebarum
511 4042 612 4084 muros
634 4022 738 4083 erexit.
750 4019 772 4094 ¹)
816 4024 912 4082 Nemo
935 4024 1026 4100 igitur
1054 4022 1111 4082 suit
1133 4025 1227 4101 magis
1250 4042 1364 4084 accom-

243 4127 387 4205 modatus,
410 4128 460 4204 qui
484 4126 601 4187 Nioben
624 4126 654 4186 in
679 4144 791 4187 summo
815 4126 920 4186 dolore
943 4127 1161 4187 consolaretur.

330 4308 351 4378 ¹)
370 4308 432 4362 Hoc
449 4313 629 4363 narraverunt
641 4272 772 4362 Eumelus
790 4307 864 4375 apud
875 4306 1036 4361 Pausaniam
1048 4306 1089 4360 IX
1102 4312 1150 4374 5,s
1169 4298 1185 4360 ὃ
1205 4303 1236 4361 δὲ
1254 4301 1291 4360 τὰ
1308 4299 1363 4374 ἔπη

242 4388 278 4447 τὰ
306 4387 336 4458 ἐς
364 4386 508 4465 Εὐρώπην
534 4388 657 4461 ποιήσας
684 4393 771 4461 φησὶν
794 4386 928 4463 Ἀμφίονα
953 4387 1120 4465 χρήσασθαι
1149 4386 1222 4470 λύρα
1248 4397 1366 4464 πρῶτον
