3384 5100
341 417 382 476 28

423 588 527 647 Restat
548 584 722 646 difficillima
745 588 880 664 quaestio
912 606 971 664 qua
997 588 1026 647 in
1050 585 1197 648 solvenda
1224 605 1290 647 cum
1314 586 1461 664 fragmen·

338 692 434 749 torum
458 695 519 749 tum
543 693 802 750 monumentorum
833 709 892 768 ope
923 709 1047 767 prorsus
1069 691 1203 750 destituti
1231 708 1296 750 esse
1319 689 1464 768 videmur,

339 810 470 869 quonam
493 792 580 853 modo
604 794 715 853 exitum
738 792 857 852 fabulae
878 799 967 870 po'e‘ta
983 794 1125 853 effecerit.
1168 794 1276 870 Neque
1291 794 1367 852 euim
1383 794 1462 853 Tan-

337 895 397 955 talo
420 897 555 972 contigit,
576 900 608 956 ut
631 896 719 955 tiliam
743 914 780 955 ex
802 897 940 972 sepulcro
963 897 1093 974 eliceret,
1117 914 1214 973 neque
1229 900 1328 955 tamen
1344 896 1461 962 Niobae

341 998 428 1058 licuit
457 1000 486 1058 in
514 999 669 1060 orchestra
698 1016 853 1058 remanere
883 1017 950 1058 cnm
981 999 1089 1059 chorus
1119 1017 1256 1058 scaenam
1283 999 1461 1075 reliquisset

340 1101 405 1174 Qua
429 1101 466 1161 de
489 1120 521 1161 re
545 1101 617 1179 quid
638 1103 761 1162 seutiam
786 1120 845 1161 non
862 1103 926 1161 sine
942 1103 1140 1162 haesitatione
1157 1102 1286 1179 quadam
1302 1101 1461 1179 proferam,

337 1222 403 1262 eum
428 1204 562 1280 opinioni
593 1222 675 1264 meae
706 1205 762 1264 viri
793 1210 822 1264 et
852 1204 987 1264 doctrina
1017 1210 1047 1264 et
1076 1205 1197 1281 ingenio
1220 1205 1460 1265 excellentissimi

336 1306 499 1365 auctoritas
530 1306 635 1367 obstet
679 1307 755 1366 Nam
790 1325 876 1383 quem
911 1307 1007 1367 locum
1039 1305 1226 1380 Nauekios¹)
1249 1307 1285 1366 ab
1310 1307 1460 1385 Aeschylo

337 1407 537 1480 abiudicavit,
575 1408 801 1485 relinquendum
836 1427 902 1469 esse
939 1414 1045 1486 poetae
1079 1409 1283 1469 demonstrare
1320 1410 1459 1469 conabor.

337 1511 487 1588 Diogenes
499 1512 638 1571 Laertius
655 1513 730 1571 enim
747 1510 837 1571 habet
853 1512 927 1571 haee
939 1511 977 1572 de
990 1514 1109 1572 Zenone
1120 1511 1299 1589 philosopho
1311 1505 1380 1588 (Vll
1393 1510 1459 1584 28):

335 1604 491 1671 ἐτελεύτα
514 1606 550 1672 δὲ
572 1598 690 1682 οὕτως.
735 1605 771 1671 ἐκ
793 1609 853 1694 τῆς
875 1610 998 1692 σχολῆς
1020 1598 1131 1672 όπιών
1152 1607 1380 1692 προσέπταισε
1403 1608 1460 1672 καὶ

336 1705 398 1774 τδν
421 1705 592 1775 δάκτυλον
613 1709 817 1796 περιέρρηξε.
861 1711 982 1787 παίσας
998 1707 1110 1798 δὲτὴν
1132 1712 1197 1795 γῆν
1211 1714 1252 1794 τῇ
1272 1711 1357 1795 χειρὶ
1379 1711 1461 1796 φησὶ

338 1804 378 1877 τό
401 1809 439 1876 ἐκ
460 1815 521 1896 τῆς
542 1809 669 1898 Νιόβης

667 1963 811 2052 ἔρχομαι,
834 1967 867 2032 τί
888 1959 922 2052 μ’
944 1957 1036 2044 αὔεις
1042 1991 1053 2044 ;

335 2125 421 2204 Ωοαο
446 2125 537 2185 verba
568 2145 635 2186 cum
659 2127 697 2186 ad
719 2126 862 2203 Aeschyli
885 2125 1016 2188 fabulam
1040 2127 1205 2187 rettulisset
1226 2125 1461 2204 Hermannus²)‚

271 2215 274 2222 Α
339 2230 488 2289 Timothei
519 2229 708 2305 dithyrambo
739 2230 876 2289 attribuit
904 2229 1060 2289 Nanokius
1089 2229 1179 2289 allato
1209 2229 1273 2289 loco
1304 2230 1460 2289 blachonis

338 2332 419 2411 apud
435 2332 624 2393 Athenaeum
647 2333 717 2392 Vlll
740 2352 769 2410 p.
785 2333 891 2394 3410:
914 2313 1119 2409 dilucidabo
1137 2321 1263 2410 Χάρων
1286 2321 1460 2408 σχολάζειν

336 2420 402 2493 οόκ
425 2426 464 2516 ἐᾷ
488 2426 551 2493 οὐκ
573 2432 631 2516 τῆς
653 2421 790 2514 Νιόβης,
810 2440 934 2512 χωρεῖν
957 2426 992 2493 δὲ
1015 2418 1178 2512 πορθμίδ’
1201 2418 1340 2506 drudoni,
1362 2432 1460 2493 καλεῖ

336 2529 370 2596 δὲ
392 2543 492 2615 μοῖρα
516 2527 637 2616 νύχιος.
683 2537 767 2612 Quae
790 2538 939 2598 sententia
961 2538 1018 2597 viri
1042 2536 1204 2598 doctissimi
1224 2538 1278 2598 etsi
1294 2537 1390 2616 primo
1406 2538 1457 2599 ob·

334 2646 399 2702 tutu
423 2643 495 2701 satis
518 2641 650 2718 adridet,
676 2646 774 2701 tamen
800 2660 908 2702 vereor
931 2645 964 2702 ut
991 2647 1070 2701 stare
1092 2640 1195 2719 possit.
1240 2640 1327 2714 Quod
1351 2645 1384 2700 ut
1407 2639 1459 2701 de·

335 2749 495 2805 monstrem
519 2746 620 2821 paullo
643 2746 760 2822 longius
783 2749 925 2822 repetam.
971 2745 1156 2821 Quamquam
1173 2744 1307 2821 vulgaris
1323 2742 1459 2804 fabulae

335 2848 504 2908 clarissimis
532 2850 627 2925 poetis
658 2849 808 2909 celebrata
830 2848 947 2908 Nioben
980 2849 1010 2907 in
1040 2865 1145 2907 saxum
1176 2865 1351 2907 conversam
1382 2865 1459 2923 esse,

335 2950 415 3027 quod
439 2952 469 3009 in
494 2956 593 3011 monte
609 2950 713 3029 Sipylo
737 2949 961 3027 ostendebatur,
985 2949 1136 3024 narrabat,
1158 2954 1257 3009 tamen
1274 2969 1334 3009 non
1350 2949 1459 3009 desunt

335 3054 519 3126 testimonia,
550 3073 627 3131 quae
658 3055 720 3114 sive
753 3056 783 3114 in
807 3052 910 3130 Sipylo
938 3054 1001 3112 sive
1023 3052 1136 3113 Thebis
1158 3053 1277 3112 Nioben
1300 3052 1459 3130 collocant,

334 3159 497 3218 mutatione
520 3158 572 3217 illa
595 3156 733 3235 neglecta
763 3157 864 3233 paullo
895 3160 963 3232 post
984 3155 1145 3216 liberorum
1174 3174 1277 3215 necem
1301 3156 1459 3232 repentina

334 3266 428 3321 morte
457 3261 590 3337 reginam
621 3260 789 3320 defunctam
821 3278 888 3320 esse
916 3258 1108 3319 contendant.
1152 3260 1284 3319 Primum
1312 3259 1457 3320 eiusmodi

334 3364 534 3427 testimonium
570 3368 667 3423 exstat
700 3364 847 3423 Timothei
882 3361 1090 3439 dithyrambos
1119 3362 1249 3424 >Niobel
1278 3363 1334 3421 iam
1367 3381 1459 3438 supra

334 3472 597 3545 commemoratus,
620 3468 682 3527 onis
705 3467 823 3527 Charon
848 3466 981 3543 reginam
1005 3466 1166 3543 increpans
1187 3484 1205 3524 a
1225 3465 1373 3525 Machone
1394 3465 1458 3524 irri-

334 3587 385 3629 sus
408 3573 462 3628 est.
505 3569 583 3629 Tum
599 3569 726 3645 Augusti
750 3569 934 3645 temporibus
954 3569 1113 3645 Antipater
1127 3568 1406 3628 Thessalonicensis
1428 3567 1458 3627 in

335 3675 477 3749 quattuor
500 3671 635 3732 versibus
663 3672 757 3749 ipsam
781 3670 898 3731 Nioben
926 3689 992 3730 cum
1023 3670 1161 3731 Obarene
1189 3672 1361 3747 loquentem
1390 3670 1460 3730 lecit

334 3844 339 3861 ι
436 3798 567 3886 μούναν
589 3795 653 3868 σόν
673 3802 805 3879 τέκνοις
827 3798 1032 3867 νεκυοστόλε
1055 3801 1130 3884 δέξο
1153 3825 1193 3887 με
1215 3803 1372 3885 πορθμεῦ

478 3898 543 3971 τὰν
566 3901 683 3971 λάλον.
718 3896 812 3989 ἀρκεῖ
834 3922 888 3970 σοι
910 3900 1036 3989 φόρτος
1059 3897 1077 3970 ό
1106 3904 1318 3981 Τανταλίδος.

330 4129 437 4197 Ἑρμοῦ
457 4121 630 4190 διδάξαντος.
666 4123 809 4195 πεποίηκε
828 4122 859 4181 δὲ
878 4123 928 4179 καί
946 4123 1039 4179 λίθων
1062 4127 1110 4179 καὶ
1134 4124 1459 4196 θηρίων(....1ιιαοοοο

334 4213 415 4281 signa
426 4212 520 4281 posuit
530 4211 712 4281 Sohubartus)
730 4203 776 4266 ότι
794 4208 842 4265 καί
854 4215 944 4266 ταῦτα
963 4203 1041 4286 ᾄδων
1052 4202 1105 4280 ἦγε
1118 4216 1147 4266 et
1158 4210 1347 4279 Apollodorus
1356 4211 1398 4265 111
1410 4215 1459 4277 ab

328 4291 451 4367 Ἀμφίων
469 4294 499 4353 δὲ
517 4296 695 4371 κιθαρῳδίαν
712 4290 803 4366 ἤσκει,
821 4291 924 4359 δόντος
942 4289 1020 4369 αὐτῷ
1039 4292 1129 4367 λύραν
1142 4287 1257 4364 Ἑρμοῦ.

421 4385 442 4453 1)
461 4382 613 4439 Nauclrinm
632 4388 744 4439 secutus
764 4388 808 4439 est
824 4382 1023 4439 Weckleinins.
1077 4384 1099 4451 ²)
1117 4381 1162 4437 l.l
1182 4399 1208 4451 p.
1222 4387 1263 4437 56.
