3384 5100
1336 421 1355 478 il

232 585 374 648 inducere
397 606 456 648 non
480 587 607 666 licuerit,
628 608 687 648 non
713 589 862 665 intellego.
906 590 964 651 Sed
988 590 1108 650 omnine
1131 589 1208 651 duco
1224 593 1356 667 pateram

233 708 270 748 ex
300 690 357 750 hoe
387 708 512 751 numero
541 709 607 752 esse
637 691 864 767 removendam,
896 711 962 752 eum
992 711 1115 770 prorsus
1145 694 1289 754 incertum
1320 694 1359 752 sit

233 795 330 853 utrum
347 791 385 852 ad
402 794 528 854 Penthei
552 793 667 856 111111
686 793 799 873 Orphei
819 794 978 873 spectent
1022 797 1160 857 Oeterum
1178 796 1357 856 menendum

232 895 349 954 videtur
372 895 494 955 eandem
519 896 731 957 dubitationem
756 897 864 958 eadere
887 898 916 957 in
940 902 1072 975 pateram
1096 897 1296 958 Parisieusem
1320 897 1357 957 ab

232 998 388 1075 Hartwigu
411 999 479 1058 item
503 998 542 1058 ad
558 998 731 1076 Euripidem
756 1000 890 1076 relatam,
911 1001 941 1060 in
959 1020 1019 1078 qua
1035 1005 1179 1078 quattuor
1194 1001 1357 1061 maenades

234 1118 300 1159 cum
328 1100 477 1160 bracchiis
508 1101 704 1179 cruribusque
735 1102 876 1162 abscissis
905 1103 968 1162 1111
997 1103 1123 1163 Penthei
1152 1103 1217 1163 sive
1244 1101 1357 1179 Orphei

233 1202 505 1279 circumvagantur.
557 1206 685 1264 Nomina
719 1204 832 1265 scilieet
864 1205 947 1264 nulla
977 1204 1128 1283 adscripta
1160 1209 1230 1266 snut
1260 1224 1358 1282 neque

235 1307 363 1384 quaein
388 1307 481 1368 altero
505 1307 599 1368 111111
627 1326 660 1366 11
690 1308 718 1366 11
743 1313 828 1384 parte
851 1308 995 1369 interiere
1019 1313 1137 1368 exstant
1159 1309 1295 1385 picturae
1317 1307 1356 1368 ad

235 1410 440 1485 quaestionem
464 1410 634 1470 solvendam
660 1410 820 1488 quidquam
845 1411 955 1471 valent.

319 1531 427 1605 Neque
451 1530 548 1590 minus
564 1530 752 1607 segreganda
767 1537 811 1590 est
827 1534 932 1608 patara
947 1531 1070 1606 caelata,
1092 1549 1180 1607 quam
1197 1531 1357 1607 Diltlreyus

235 1632 344 1710 publici
360 1631 434 1692 iuris
450 1631 521 1692 feeit
544 1633 572 1692 in
590 1633 684 1692 diario
706 1632 1175 1709 1111111111ςί11187311111111
1193 1638 1220 1695 3.
1255 1634 1356 1692 Virum

231 1735 285 1795 illa
307 1735 426 1794 exhibet
448 1735 689 1812 procumbentem
714 1737 870 1812 clipeoque
893 1737 1030 1806 innisum,
1054 1735 1104 1811 qui
1127 1735 1227 1812 gladie
1243 1733 1357 1794 frustra

189 1828 191 1832 ’
233 1836 378 1914 maenadi,
402 1839 425 1897 si
449 1837 569 1914 quidem
593 1837 700 1898 editori
720 1837 844 1898 credere
860 1838 995 1915 velimus,
1018 1842 1048 1897 et
1069 1837 1234 1914 pantherae
1249 1856 1358 1913 repug-

232 1945 292 2000 nat.
335 1942 381 2000 De
404 1941 539 2001 Pentheo
562 1941 704 2016 cogitavit
726 1941 894 2018 Diltheyus.
939 1941 980 2000 nt
1004 1959 1062 2000 non
1084 1939 1255 2000 masnadam
1277 1939 1357 2000 1111·

233 2061 314 2120 mus,
336 2043 387 2103 sed
411 2044 506 2120 ipsum
531 2044 692 2104 Bacchum.
736 2043 881 2104 Scaeuam
916 2043 1060 2104 habemus
1089 2043 1357 2119 gigantomachiae,

233 2165 322 2223 quam
346 2146 470 2205 similem
495 2151 709 2222 expresserunt
732 2163 802 2206 arae
826 2148 1030 2222 Pergamenae
1052 2145 1192 2205 artifices.

318 2267 442 2326 Restant
463 2266 554 2342 igitur
577 2266 640 2325 sola
662 2267 720 2325 tria
743 2266 807 2338 illa,
838 2285 916 2342 quae
944 2283 1037 2342 supra
1066 2266 1254 2338 enumeravi,
1283 2284 1357 2324 vasa

234 2369 365 2446 Appula,
387 2387 464 2445 quae
488 2369 524 2428 ab
547 2368 761 2445 interpretibus
784 2373 813 2428 et
834 2369 900 2446 ipsa
923 2369 962 2427 ad
985 2367 1137 2445 Euripidis
1153 2368 1287 2428 Bacchas
1311 2387 1356 2426 re·

235 2470 307 2531 farri
330 2472 434 2532 solent.
446 2465 469 2552 ¹)
513 2471 570 2533 Sed
593 2472 649 2548 ipsi
672 2471 713 2530 illi
738 2470 873 2532 confiteri
898 2469 1076 2545 debuerunt,
1098 2471 1216 2547 gladios
1239 2488 1355 2530 maena-

234 2575 303 2634 dum
327 2575 364 2635 ab
387 2575 531 2652 Euripide
558 2576 673 2635 alienos
699 2577 778 2636 ultre
801 2596 819 2635 a
842 2576 1006 2653 pictoribus
1033 2574 1151 2635 1111111
1174 2593 1247 2635 1111.
1290 2576 1355 2635 Jam

233 2677 392 2738 maenades
414 2678 522 2755 gladiis
544 2678 705 2738 instructas
728 2678 878 2755 patienter
900 2678 1046 2748 feremus,
1077 2679 1190 2755 qnippe
1214 2696 1291 2755 quae
1314 2677 1356 2737 fa·

234 2781 321 2841 bulae
337 2800 396 2841 non
413 2799 537 2858 prorsus
553 2790 732 2858 repugnent.
765 2781 931 2842 Pentheum
955 2800 1027 2841 vero
1044 2780 1124 2858 quod
1141 2781 1294 2858 palliatum
1311 2799 1356 2840 11·

233 2888 343 2943 matum
367 2888 552 2960 pugnantem
568 2884 740 2960 pinxerunt,
763 2903 828 2944 eum
846 2886 911 2945 1111
927 2884 1039 2943 nudum
1057 2884 1120 2943 1111
1139 2882 1254 2944 mulieri
1270 2887 1354 2943 veste

234 2986 370 3045 indutum
395 2987 535 3046 inermem
560 2988 726 3064 supplicem
751 2986 833 3063 pingi
857 2986 957 3046 fabula
973 2986 1098 3061 iuberet,
1120 2985 1197 3045 haud
1215 2986 1277 3045 scio
1294 3003 1354 3062 quo

232 3090 370 3162 quamvis
393 3088 467 3148 mire
484 3089 608 3148 consilio
624 3090 770 3165 pictorum
787 3108 938 3149 excusem.
983 3089 1180 3165 Inspiciamus
1202 3087 1356 3166 Euripidis

236 3208 340 3249 versus
363 3192 471 3251 Bacch.
489 3195 713 3252 1111-1121:

386 3355 480 3436 ὑψοῦ
504 3356 538 3421 dh
561 3353 701 3453 θάσσων
723 3346 860 3441 ὑψόθεν
881 3348 1084 3445 χαμαιπετὴς

384 3458 501 3523 πίπτει
523 3451 608 3542 πρὸς
630 3456 733 3536 οὖδας
754 3460 886 3543 μορίοις
909 3456 1093 3544 οἰμώγμασι

382 3658 501 3749 πρώτη
525 3662 560 3728 δὲ
581 3655 688 3752 μήτηρ
711 3656 810 3751 ἦρξεν
833 3663 919 3748 ἱερία
941 3661 1052 3747 φόνου

385 3767 442 3830 καί
463 3767 664 3849 προσπίτνει
686 3789 749 3839 νιν,
787 3762 805 3831 ὃ
829 3768 866 3833 δὲ
887 3768 1009 3852 μίτραν
1032 3764 1135 3853 κόμης
1159 3760 1226 3833 ἄπο

385 3866 532 3953 ἔρριψεν,
556 3862 601 3947 ὥς
624 3892 679 3935 νιν
700 3871 891 3954 γνωρίσασα
912 3866 956 3958 μὴ
979 3862 1099 3935 κτάνοι

383 3966 521 4059 τλήμων
540 3963 668 4058 Ἀγαύη,
692 3973 748 4037 καὶ
771 3972 859 4057 λέγει
881 3971 1044 4058 παρηίδος

382 4071 507 4156 ψαύων
525 4071 605 4160 ‘tnui
625 4099 689 4155 τοι,
710 4079 822 4163 μῆτερ,
846 4076 911 4160 εἰμὶ
933 4088 1012 4153 παῖς
1035 4074 1145 4155 σέθεν,

317 4296 339 4364 ¹)
358 4295 399 4350 (is.
423 4310 492 4364 quae
516 4295 585 4351 infra
609 4297 644 4352 de
668 4302 830 4366 argumento
852 4298 1028 4354 Bassaridum
1051 4298 1200 4368 disputavi.
1251 4298 1354 4367 2)1111.

230 4378 349 4449 Sandys,
368 4380 522 4448 Euripides'
539 4381 673 4436 Bacchen.
710 4381 878 4452 Hartwigum
897 4383 914 4438 l.
927 4401 950 4439 1.
