3384 5100
1355 383 1373 444 3

254 554 333 614 lacta
360 559 444 632 sunt,
474 555 522 614 hio
552 556 651 632 potius
682 574 784 616 omnes
812 556 928 632 prologi
955 559 1057 632 partes
1087 555 1260 633 complexus
1287 555 1373 615 simul

253 661 339 718 nobis
363 659 523 718 ostendere
546 659 653 718 studet.
697 661 774 718 Nam
798 660 906 734 Apollo
929 658 1033 718 luriam
1064 660 1221 736 repulsans
1244 659 1376 735 pertinet

253 760 290 820 ad
314 760 514 821 Eumenidum
537 780 644 822 versus
669 766 790 823 179ss.:

406 904 479 990 ἔξω,
501 901 642 988 κελεύω,
664 907 772 972 τῶνδε
797 899 964 991 δοιμάτων
985 901 1086 990 τάχος

402 1003 543 1095 χωρεῖτ’,
568 1003 825 1076 ἀπαλλάσσεσθε
846 1013 1020 1094 μαντικῶν
1040 1011 1167 1094 μυχῶν,

404 1111 448 1202 μὴ
471 1115 526 1178 καὶ
551 1117 700 1193 λαβοῦσα
723 1109 854 1200 πτηνὸν
876 1104 1043 1200 ἀργηστὴν
1066 1107 1157 1194 άφιν,

402 1213 617 1302 χρυσηλάτου
641 1212 812 1301 θώμιγγος
834 1212 1077 1300 ἐξορμώμενον,

406 1312 486 1403 άνῖγς
509 1310 570 1386 ύπ’
594 1313 718 1404 άλγους
739 1310 856 1404 μέλαν’
880 1309 938 1384 ἄττ’
961 1318 1108 1403 ἐντέρων
1130 1309 1248 1403 άφρόν.

251 1483 291 1542 At
314 1500 374 1560 quo
390 1486 525 1558 tempore
548 1484 622 1542 haec
638 1481 749 1559 Apollo
770 1481 843 1541 dixit
866 1499 965 1557 neque
980 1480 1122 1541 sacerdos
1137 1498 1236 1558 neque
1252 1479 1375 1541 Orestes

250 1586 280 1645 in
304 1603 411 1644 scaena
434 1584 569 1644 aderant.
612 1585 755 1660 Neglexit
777 1585 870 1660 igitur
891 1585 988 1661 pictor
1005 1584 1138 1644 ordinem
1154 1601 1264 1659 rerum,
1287 1582 1375 1643 simul

252 1690 350 1748 omnia
373 1690 536 1748 coniunxit.
582 1688 669 1762 Quod
692 1707 764 1747 vero
789 1687 896 1747 furiam
926 1706 981 1765 per
1002 1691 1095 1746 totum
1124 1704 1235 1764 corpus
1257 1688 1373 1764 nigram

251 1792 359 1868 pinxit,
389 1791 458 1851 lecit
479 1790 509 1849 id
534 1790 861 1868 quoquerschylum
890 1794 1021 1850 secutus.
1065 1791 1130 1849 lllic
1160 1791 1237 1851 enim
1265 1789 1375 1866 Pythia

251 1895 411 1970 perterrita
433 1895 580 1972 effugiens
603 1893 801 1954 Eumenidum
833 1899 984 1971 aspectum
1014 1895 1042 1953 in
1067 1910 1177 1953 scaena
1200 1898 1288 1953 autea
1310 1894 1375 1952 inu·

251 1998 370 2057 situlum
394 1997 476 2057 hisce
498 1997 600 2056 verbis
623 2000 744 2057 enarrat
766 1993 814 2069 (V.
830 2000 870 2057 46
880 1988 932 2074 ss.)

403 2140 557 2229 πρόσθεν
579 2145 614 2210 δὲ
636 2135 781 2229 τάνδρὸς
802 2144 906 2210 τοῦδε
928 2140 1125 2228 θαυμαστὸς
1147 2138 1245 2229 λόγος
1296 2208 1301 2219 ,

402 2242 492 2314 εύδει
514 2251 685 2333 γυναικῶν
708 2247 745 2313 ἐν
768 2243 947 2331 θρόνοισιν
969 2237 1100 2335 ἥμενος.

403 2344 499 2417 ούτοι
521 2365 691 2436 γυναῖκας,
715 2342 801 2416 άλλά
825 2346 1000 2436 Γοργόνας
1022 2352 1119 2436 λέγω,

402 2445 476 2520 odc'
499 2447 578 2520 αύτε
602 2455 812 2539 Γοργείοισιν
834 2450 959 2518 εἰκάσω
980 2448 1107 2531 τύποις.

403 2553 494 2624 εἶδόν
516 2551 593 2624 ποτ’
615 2550 678 2645 ἤδη
705 2558 832 2634 Φινέως
855 2556 1081 2642 γεγραμμένας
1187 2600 1191 2605 ⁴

403 2662 542 2727 δεῖπνον
565 2658 740 2746 φερούσας.
779 2653 918 2745 άτιτεροί
940 2683 976 2745 γε
997 2656 1063 2747 μὴν
1086 2660 1170 2725 ἰδεῖν

402 2756 511 2845 αὗται,
535 2765 684 2849 μέλαιναι
707 2758 740 2829 d'
763 2762 795 2841 ἐς
817 2760 857 2828 τὸ
879 2766 950 2828 πᾶν
971 2755 1228 2847 βδελύκτροποι.

249 2910 400 2987 Harpyias
422 2909 530 2969 Phinei
553 2929 657 2970 cenam
680 2908 831 2986 rapientes
855 2928 914 2969 uon
936 2912 969 2968 ut
992 2926 1064 2968 aves
1079 2909 1192 2968 scilicet
1207 2908 1373 2985 pingebant

250 3014 369 3090 Graeci,
399 3014 505 3090 quales
532 3014 562 3073 in
586 3012 722 3090 sepulcro
750 3013 801 3071 illo
828 3012 939 3071 Xanthi
967 3015 1087 3088 reperto
1115 3016 1293 3087 occurrunt,
1320 3012 1372 3071 sed

250 3114 346 3175 torma
368 3135 490 3193 prorsus
513 3116 652 3191 humana,
675 3115 730 3175 alis
748 3117 845 3175 tamen
863 3116 1018 3175 instructa.
1061 3114 1201 3175 Eiusdem
1225 3114 1290 3175 fere
1312 3133 1371 3190 quo

249 3219 373 3281 Orestea
404 3220 493 3279 docta
519 3225 565 3278 est
594 3220 736 3296 temporis
763 3220 914 3295 specimen
944 3221 1043 3277 exstat
1069 3219 1213 3294 amphora
1241 3218 1320 3278 Mon.
1343 3217 1370 3276 d.

248 3324 321 3382 lnst.
344 3323 460 3383 11149:
490 3322 623 3398 virgines
645 3321 780 3381 videmus
803 3321 898 3381 alatas
925 3325 1007 3381 veste
1035 3323 1188 3381 succincta
1210 3320 1372 3397 oribusque

248 3426 325 3485 male
353 3423 566 3497 deformatis.¹)
611 3406 698 3498 Quod
730 3426 759 3484 in
792 3425 973 3501 exemplum,
992 3424 1161 3500 Aeschylus
1189 3422 1371 3483 Eumenides

248 3528 375 3600 effluxit,
404 3530 462 3589 nisi
485 3526 566 3607 quod
591 3528 645 3587 alis
667 3528 788 3587 remotis
815 3544 930 3603 angues
953 3527 1062 3587 adiecit
1089 3531 1119 3586 et
1145 3531 1237 3587 totum
1262 3545 1371 3604 corpus

248 3632 365 3708 nigrum
390 3631 496 3692 effecit.

332 3754 434 3813 Tertia
463 3751 593 3829 denique
615 3748 792 3828 amphorsii
821 3749 1056 3827 Clytaemestrae
1084 3750 1218 3810 umbram
1249 3750 1370 3810 exhibet

248 3854 341 3914 furias
371 3856 576 3930 suseitantem,
604 3854 671 3914 dum
696 3854 804 3931 Apollo
836 3872 936 3913 coram
963 3872 1066 3913 sorore
1089 3852 1224 3914 Orestem
1247 3852 1285 3913 ad
1309 3872 1369 3913 om·

248 3958 369 4035 phalum
393 3957 598 4019 considentem
621 3976 675 4017 soe
691 3957 808 4017 lustrat.
853 3956 1086 4035 Clytaemestrae
1106 3956 1238 4016 umbram
1255 3961 1369 4016 eterra

371 4188 503 4245 Conieras
521 4204 570 4243 vas
588 4188 710 4243 Atticum
734 4186 953 4257 antiquissimum
971 4186 1096 4255 Aeginae
1118 4191 1269 4256 repertum,
1293 4188 1368 4255 quod

246 4276 349 4345 publici
371 4276 435 4330 iuris
459 4274 526 4330 fecit
542 4275 779 4344 Furtwaenglerus
803 4274 832 4326 in
857 4273 941 4327 diario
959 4272 1165 4340 arohaeologico
1186 4277 1259 4340 1882,
1276 4289 1303 4340 p.
1320 4278 1367 4327 197

246 4366 269 4434 ²)
288 4362 445 4417 Ouerbeclx:
470 4362 589 4417 Gallerie
607 4361 763 4417 heroischer
785 4359 940 4413 Bildwerlre
958 4358 1053 4412 XXIX
1074 4362 1112 4411 12.
