3384 5100
1308 448 1346 504 11

225 623 356 678 mentum
391 619 530 679 haustum
565 637 630 678 esso
674 617 893 684 concludimns;
923 636 983 694 qua
1015 617 1045 677 in
1079 635 1112 676 re
1145 616 1219 675 nihil
1249 614 1349 691 refert,

225 725 324 782 utrum
348 723 412 799 ipse
437 721 604 798 Aeschylus
635 722 713 782 hanc
740 721 858 782 tabulae
881 719 1004 781 formam
1028 719 1176 779 invenerit
1198 737 1245 796 an,
1267 716 1347 794 quod

226 829 307 903 pute,
332 824 368 884 ab
391 825 457 884 aliis
479 829 629 901 receptam
652 825 826 885 servaverit.
870 825 965 884 Nemo
987 825 1064 883 enim
1088 821 1205 901 putabit
1227 820 1350 880 vascula

226 926 338 988 illaad
363 931 439 988 sexti
464 929 575 988 saeculi
599 928 749 1004 quendam
772 931 891 1005 poetam
914 929 1075 1004 respicere.
1119 927 1226 1001 Neque
1248 929 1348 983 tamen

225 1031 282 1091 hac
305 1050 337 1090 re
361 1032 456 1091 omnis
479 1033 614 1108 quaestio
630 1031 767 1092 absoluta
783 1036 836 1093 est.
870 1031 1016 1091 Nimirum
1034 1030 1082 1090 cui
1098 1048 1158 1089 non
1174 1030 1205 1087 in
1222 1033 1347 1088 mentem

225 1135 308 1194 venit
330 1135 431 1210 paries
454 1134 504 1194 ille
528 1135 715 1195 celeberrimi
738 1135 841 1211 templi
859 1133 996 1194 Bacchioi
1013 1133 1214 1207 Atheniensis,
1236 1131 1266 1190 in
1289 1148 1348 1207 quo

226 1236 352 1295 Penthei
384 1237 494 1296 exitum
525 1238 635 1314 pictum
665 1236 757 1298 fuisse
789 1239 870 1296 hisce
893 1236 1060 1296 Pausaniae
1082 1235 1181 1294 verbis
1208 1234 1349 1292 docemur·

225 1337 315 1415 (120,
332 1335 375 1410 3):
398 1328 504 1398 ταῦτά
526 1357 561 1398 τε
585 1326 624 1420 δη
647 1333 854 1417 γεγραμμένα
876 1331 937 1398 εἰσὶ
959 1333 1015 1396 καὶ
1038 1326 1192 1406 Πενθεὺς
1213 1330 1268 1394 καὶ
1284 1332 1349 1394 Λα

225 1439 369 1520 κσῦργσς
392 1422 440 1500 ὧν
463 1433 495 1512 ἐς
518 1432 684 1502 Διόνυσον
706 1427 849 1520 ὕβρισαν
880 1431 1030 1511 διδόντες
1060 1434 1168 1511 δίκας,
1195 1424 1347 1517 Ἀριάδνη

226 1537 260 1603 δὲ
283 1534 500 1603 καθεύδουσα
522 1539 579 1603 καὶ
604 1533 730 1624 Θησεὺς
753 1532 959 1623 ἀναγόμενος
985 1539 1042 1602 καὶ
1064 1532 1227 1612 Διόνυσος
1254 1525 1349 1620 ἥκων

225 1639 257 1718 ἐς
279 1644 338 1724 της
348 1631 519 1726 Ἀριάδνης
533 1637 596 1725 την
613 1631 775 1726 άριιαγήν.
802 1648 959 1724 Templum
974 1647 1054 1706 intra
1069 1664 1164 1706 annos
1179 1649 1347 1707 420-413

225 1749 414 1810 aedificatum
438 1768 505 1810 esse
527 1770 623 1828 nuper
639 1753 762 1811 Emilius
777 1750 884 1811 Reisch
900 1751 1060 1810 luculentis
1075 1749 1259 1825 argumentis
1281 1767 1348 1824 pro·

225 1850 337 1926 havit¹)
371 1873 468 1930 neque
501 1855 642 1914 hahemus
677 1873 729 1914 cur
761 1874 820 1914 non
856 1855 984 1931 parietes
1017 1855 1115 1912 statim
1151 1853 1248 1930 pictos
1283 1868 1348 1911 esse

225 1957 377 2016 ducamus.
437 1956 524 2030 Quod
557 1958 580 2016 si
615 1959 730 2034 pictura
759 1957 809 2016 illa
838 1956 990 2033 Euripidis
1020 1956 1146 2015 Bacchis
1174 1953 1349 2031 praecurrit,

225 2078 273 2119 res
310 2061 375 2137 ipsa
412 2064 526 2120 tantum
565 2079 625 2120 non
663 2061 770 2119 clamat
806 2059 1003 2136 Aeschyleam
1040 2059 1168 2118 fabulam
1204 2057 1348 2117 artificem

224 2167 358 2222 secutum
392 2179 466 2221 esse.
522 2163 586 2222 Hac
620 2162 657 2222 de
690 2162 806 2239 pictura
840 2162 965 2221 maxime
996 2162 1118 2221 vascula
1147 2160 1199 2219 illa
1228 2159 1350 2239 Appula

225 2265 360 2344 pendere
376 2265 513 2337 arbitror,
536 2266 592 2324 nisi
616 2265 696 2342 quod
720 2269 843 2338 paterae
859 2265 1049 2326 Monacensis
1072 2265 1167 2342 pictor
1188 2264 1245 2325 hoc
1268 2267 1349 2322 certe

225 2368 261 2426 de
290 2366 416 2426 Bacchis
448 2367 618 2444 Euripideis
649 2369 786 2444 sumpsit,
825 2368 905 2444 quod
941 2368 1019 2426 inter
1052 2367 1175 2425 arbores
1207 2367 1348 2425 latentem

226 2471 390 2530 Pentheum
421 2471 526 2548 pinxit.
570 2471 750 2548 Aeschylum
780 2471 872 2548 igitur
902 2471 951 2531 hic
981 2489 1046 2530 cum
1069 2470 1214 2545 Euripide
1245 2469 1348 2529 eodem

225 2573 312 2634 modo
336 2576 528 2635 coniunctum
551 2576 684 2635 videmus
705 2576 789 2635 velut
815 2576 845 2635 in
869 2576 1001 2636 Theonis
1031 2574 1140 2634 tabulis
1170 2594 1237 2633 cum
1260 2574 1349 2634 Stesi-

225 2677 315 2737 choro
339 2676 410 2749 (vid.
426 2695 519 2754 supra
542 2698 570 2755 p.
589 2676 671 2751 111).

309 2884 501 2943 Monumente
533 2902 611 2960 quae
641 2884 741 2943 Aiacis
772 2888 895 2944 mortem
930 2884 1072 2943 exhibent
1102 2884 1183 2943 nullo
1215 2883 1279 2942 iure
1311 2882 1349 2941 ad

227 2986 366 3062 Aeschyli
396 2979 543 3046 Thracias
578 2981 717 3047 mulieres
750 2986 872 3063 reterri,
905 3006 970 3045 cum
1004 2987 1062 3045 iam
1094 2986 1248 3045 Arctinnm
1283 3004 1347 3044 eam

226 3089 394 3149 narravisse
426 3087 588 3161 constet²)‚
619 3094 700 3149 reete
729 3090 759 3148 in
791 3090 963 3149 universum
996 3090 1128 3165 Vogelus
1159 3085 1349 3160 contendit.³)

225 3190 328 3251 Potuit
351 3192 375 3250 is
398 3191 519 3251 adicere
542 3192 598 3251 iam
622 3194 652 3251 in
674 3192 839 3251 crateribus
857 3191 1018 3252 Corinthiis
1042 3191 1118 3250 idem
1141 3194 1349 3266 argumentum

225 3290 417 3365 occur·rere.⁴)
462 3295 601 3355 Attamen
634 3294 709 3370 fugit
739 3295 822 3353 illum
847 3295 949 3371 aliqua
972 3297 1053 3355 certe
1077 3293 1199 3353 vascula
1222 3298 1351 3367 exstare,

224 3416 301 3473 quae
316 3402 454 3457 accurate
471 3416 535 3457 cum
553 3416 589 3457 ea
604 3397 704 3457 fabula
717 3398 915 3475 consentiant,
930 3416 1019 3474 quam
1032 3397 1184 3473 Aeschylo
1197 3396 1348 3472 propriam

224 3499 314 3559 fnisse
337 3500 451 3559 scimus.
490 3502 603 3559 Narrat
623 3501 701 3559 enim
718 3502 867 3577 interpres
881 3500 917 3559 ad
934 3500 1090 3575 Sophoclis
1106 3500 1151 3558 Ai.
1167 3502 1241 3565 9333
1264 3488 1351 3556 κατὰ

223 3591 264 3660 τὸ
288 3590 369 3660 ditio
393 3598 487 3680 σῶμα
511 3590 662 3680 άτραστσς
684 3590 727 3681 ἦν
751 3586 768 3661 ὁ
793 3594 891 3675 Αἴας,
922 3592 1008 3661 κατά
1035 3595 1071 3660 δὲ
1092 3588 1156 3682 τὴν
1176 3591 1349 3681 μασχάλην

226 3694 354 3782 τρωτὸς
387 3694 440 3763 διά
471 3694 511 3763 τὸ
539 3694 602 3764 τὸν
620 3688 779 3782 Ἡρακλέα
801 3701 841 3782 τῇ
865 3701 985 3781 λεοντῇ
1006 3688 1114 3763 αὐτὸν
1137 3693 1350 3762 σκεπάσαντα

311 3920 332 3987 ¹)
357 3919 384 3972 in
409 3919 516 3973 Eranos
540 3918 767 3973 Vindobonensis
789 3923 842 3987 pl
865 3934 902 3973 ss.
941 3917 995 3973 Vel
1019 3918 1053 3971 de
1078 3918 1180 3972 maiore
1203 3918 1349 3986 imaginum

228 4009 366 4059 vetustate
385 4004 518 4073 cogitavit
536 4002 747 4059 Milchhoeferus
766 4004 794 4057 in
807 4004 949 4059 annalibus
962 4004 1080 4058 instituti
1098 4003 1297 4073 erchaeologici
1308 4004 1349 4058 XI

224 4105 250 4157 p.
267 4082 314 4159 82,
344 4090 424 4143 nimis
454 4089 565 4159 quidem
591 4089 699 4145 infirmo
725 4087 905 4146 fundamento
932 4090 1022 4144 nixus.
1081 4088 1104 4159 ²)
1128 4089 1183 4143 vid.
1205 4089 1291 4143 schol.
1313 4091 1349 4144 ad

224 4175 303 4229 Pind.
315 4174 409 4229 lsthm.
421 4175 463 4228 lll
476 4181 515 4229 53.
552 4176 636 4230 schol.
655 4176 690 4229 ad
707 4176 730 4229 Il
742 4178 769 4228 Α
782 4181 839 4230 515.
875 4176 994 4244 Robert‚
1011 4175 1073 4229 Bild
1091 4176 1148 4229 und
1165 4175 1233 4229 Lied
1250 4192 1277 4243 p.
1291 4180 1348 4231 223.

224 4262 247 4329 3)
265 4260 293 4313 in
317 4260 398 4315 libro:
426 4260 532 4315 Szenen
555 4261 777 4329 Euripideisoher
798 4261 958 4330 'l'ragiidien
980 4262 1008 4314 in
1031 4261 1221 4330 griechischen
1243 4261 1348 4316 Vasen-

224 4346 370 4413 gemiilden
394 4362 421 4413 p.
437 4351 475 4400 12.
556 4350 579 4413 4)
605 4346 741 4414 Exempla
765 4363 897 4415 expressa
921 4351 986 4401 sunt
1008 4345 1296 4401 hlon.d.lnst.V133
1321 4352 1350 4402 et

225 4430 408 4500 Archaeolog.
421 4431 559 4501 Anneiger
579 4436 640 4487 1891
661 4448 688 4501 p.
704 4436 759 4486 116.
