3384 5100
1321 412 1362 471 29

342 567 511 662 πληρώσει
534 569 659 660 γαστὴρ
680 575 740 660 plu
763 569 825 640 σόν
847 570 984 656 σκάφος.
1016 572 1116 640 εἴσιδε
1138 571 1286 657 κούρους

383 679 440 744 καὶ
463 675 598 763 κούρας,
623 678 753 758 Φοίβου
775 680 884 743 σκῦλα
906 678 962 742 καὶ
980 668 1174 762 Ἀρτέμιδος.

326 807 462 882 Denique
486 807 515 867 in
539 803 656 881 Oedipo
679 802 811 864 Senecae
834 802 881 877 (V.
895 806 1000 874 ores.)
1029 807 1059 864 et
1081 804 1162 882 apud
1184 801 1309 863 Statium
1332 804 1362 864 in

239 909 332 969 Theb.
347 909 388 968 lV
412 911 521 969 didas.
543 908 657 968 Niobes
671 906 797 967 animam
818 907 848 966 in
871 906 949 968 Orco
971 907 1086 966 versari
1111 909 1262 984 narratur,
1284 906 1364 967 uude

241 1030 304 1071 eam
335 1011 456 1072 fabulae
487 1009 627 1088 formam,
658 1028 735 1087 quae
758 1009 876 1070 Nioben
910 1009 1058 1069 communi
1088 1009 1257 1070 mortalium
1280 1012 1362 1070 sorte

240 1113 349 1174 obiisse
371 1112 455 1189 facit,
490 1113 630 1173 Romanis
654 1112 733 1172 haud
758 1113 889 1188 ignotam
921 1112 1014 1172 fuisse
1037 1110 1204 1190 apparet.¹)
1249 1110 1364 1185 Quodsi

240 1221 362 1294 reputas
386 1235 422 1277 ex
446 1219 589 1293 quattuor
611 1216 794 1288 auctoribus,
817 1217 868 1292 qui
890 1215 968 1276 hanc
987 1214 1107 1275 fabulae
1130 1216 1258 1293 speciem
1274 1215 1364 1291 respi-

216 1321 330 1396 -ciuut,
353 1319 427 1379 dnos
451 1320 635 1396 antiquiores
658 1319 687 1378 in
712 1336 747 1378 eo
773 1319 953 1395 consentire,
976 1317 1058 1395 quod
1074 1317 1191 1378 Nioben
1207 1335 1273 1378 cum
1289 1318 1363 1378 (iha-

239 1441 311 1483 rone
335 1422 507 1498 loquentem
530 1421 656 1498 fingunt,
678 1425 804 1498 apparet
827 1421 864 1480 ad
889 1440 1009 1481 carmen
1033 1420 1183 1498 qnondam
1207 1421 1363 1481 celeberri-

239 1544 316 1586 mum
334 1543 431 1602 neque
448 1524 495 1584 vel
506 1526 631 1602 Augusti
649 1524 832 1601 temporibus
848 1542 973 1601 prorsus
989 1525 1124 1601 ignotum
1139 1524 1197 1583 hoc
1209 1525 1361 1584 inventum

238 1628 344 1688 redire.
387 1628 482 1687 Atat
505 1627 654 1687 Timothei
678 1627 897 1703 dithyrambum
921 1627 979 1687 hoc
1002 1645 1121 1686 carmen
1145 1627 1238 1687 fuisse
1260 1630 1361 1704 putem

238 1730 321 1790 nullo
338 1730 426 1790 modo
443 1749 460 1790 a
476 1749 522 1790 me
537 1731 699 1807 impetrare
718 1748 850 1806 possum.
886 1729 978 1790 (iuius
1001 1731 1057 1789 etsi
1079 1731 1210 1789 carmina
1231 1729 1362 1789 auctoris

239 1837 365 1894 aetatem
389 1834 477 1909 longe
500 1834 688 1911 superavisse
712 1837 841 1909 constat,
864 1834 1004 1892 Romanis
1020 1833 1204 1909 temporibus
1227 1850 1263 1892 ea
1285 1831 1360 1892 adeo

238 1937 362 2013 vulgata
392 1935 497 2013 luisse,
526 1940 559 1996 ut
585 1935 753 1996 sententiae
783 1953 821 1995 ex
848 1936 891 1994 eis
913 1935 1106 1995 haurirentur
1128 1954 1187 1995 non
1211 1935 1361 1994 nominato

238 2043 327 2115 podia
353 2071 379 2078 -
409 2038 438 2098 id
469 2038 550 2116 quod
582 2038 653 2099 lecit
690 2057 777 2115 quem
817 2041 966 2114 Diogenes
997 2039 1136 2099 Laertius
1166 2043 1288 2099 secutus
1316 2044 1362 2098 est

239 2146 341 2203 auctor
362 2173 388 2183 -
410 2142 566 2218 Niobeque
587 2141 794 2217 dithyrambos
817 2146 851 2200 ut
873 2159 963 2201 unum
981 2142 1148 2219 exemplum
1165 2143 1228 2201 eius
1243 2141 1362 2202 fabulae

238 2247 443 2305 narrationum
467 2245 633 2322 afferretur,
656 2263 722 2303 cnm
744 2250 776 2310 et
791 2244 959 2319 Aeschylus
979 2249 1009 2303 et
1024 2243 1189 2321 Sophoclea
1211 2245 1240 2303 in
1257 2245 1359 2304 eodem

238 2352 414 2425 argumento
437 2350 547 2406 versati
570 2349 680 2423 essent,
701 2346 731 2405 id
748 2351 781 2406 ut
797 2346 866 2405 mihi
882 2346 1081 2424 persuadeam
1099 2347 1216 2406 minime
1231 2347 1359 2406 animum

238 2451 355 2511 induco.
404 2453 444 2510 At
476 2449 607 2510 concedo
640 2451 697 2509 hoc
727 2455 935 2526 argumentum
966 2449 1093 2510 fortasse
1125 2468 1229 2526 parum
1259 2450 1359 2510 valere

238 2554 276 2613 ad
299 2555 475 2615 sententiam
498 2572 593 2613 meam
615 2553 830 2613 stabiliendam.
875 2554 1018 2631 Largior,
1042 2554 1122 2629 qnod
1146 2571 1218 2613 sane
1242 2555 1361 2613 minime

237 2662 320 2735 puto,
341 2658 468 2735 primurn
491 2658 679 2717 Timotheum
701 2657 815 2717 Niobes
837 2656 912 2715 illud
935 2674 1000 2715 oum
1017 2656 1156 2717 Oharoue
1179 2657 1359 2733 colloquium

238 2759 369 2837 finxisse,
391 2766 421 2820 at
443 2764 532 2820 totam
556 2760 684 2836 speciem
708 2778 767 2820 non
791 2760 855 2819 eius
879 2759 999 2836 ingenio
1023 2759 1125 2819 deberi
1141 2760 1358 2836 apertissimum

237 2862 378 2922 indicium
410 2866 507 2923 exstat
537 2861 691 2939 Euripidis
715 2862 853 2921 Alcestis.
897 2860 964 2935 Quo
996 2862 1071 2921 euim
1104 2862 1170 2921 loeo
1197 2862 1302 2938 regina
1329 2860 1359 2920 in

237 2982 373 3025 scaenam
396 2966 540 3042 procedit,
562 2969 595 3025 ut
617 2966 672 3023 iam
697 2965 830 3024 ultimum
855 2965 926 3024 solis
942 2964 1009 3024 lnce
1027 2964 1151 3041 fruatur,
1174 2965 1281 3025 mentis
1302 2966 1358 3023 iam

237 3067 302 3127 iere
325 3068 455 3127 alienata
478 3067 570 3128 verba
593 3066 709 3145 profert
732 3066 836 3144 gravia
859 3085 965 3128 severa

391 3190 462 3284 ὁρῶ
485 3199 650 3279 δὶκωπον,
672 3187 744 3282 ὁρᾶ
766 3194 894 3280 σκάφος

390 3297 523 3365 νεκύων
545 3300 581 3366 da
603 3291 777 3383 πορθμεὺς

391 3400 476 3487 ἔχων
492 3394 559 3487 χέρ’
572 3402 627 3468 ἐπὶ
643 3405 757 3487 κοντῷ
768 3398 893 3487 Χάρων
908 3394 940 3487 μ’
952 3398 1017 3489 ἤδη
1029 3408 1126 3468 καλεῖ
1131 3423 1137 3436 ·
1170 3403 1203 3467 τί
1217 3403 1362 3487 μέλλεις

389 3502 534 3588 ἐπείγου.
569 3501 610 3570 σὺ
631 3506 821 3589 κατείργεις.

389 3604 469 3673 τάδε
492 3608 545 3672 τοί
566 3630 607 3690 με
630 3604 856 3692 σπερχόμενος
878 3604 1017 3692 ταχύνει.

235 3754 383 3815 Timothei
400 3753 612 3831 Euripidisque
635 3753 717 3813 locos
733 3753 878 3813 artissime
894 3754 971 3813 inter
994 3772 1026 3812 se
1041 3754 1204 3813 cohaerere
1219 3758 1359 3831 apparet;

236 3861 289 3917 aut
303 3856 480 3918 Timotheus
496 3856 669 3932 Euripidem
693 3855 825 3915 imitatus
848 3861 894 3916 est
916 3862 968 3916 aut
989 3856 1026 3915 ab
1042 3856 1212 3933 antiquiore
1228 3856 1357 3931 quodam

236 3959 372 4035 exemplo
403 3964 529 4035 uterque
561 3958 681 4036 pendet.
724 3958 800 4017 Tum
829 3976 902 4017 vero
932 3959 981 4017 vix
1008 3959 1038 4019 iu
1070 3973 1105 4017 eo
1133 3960 1256 4018 haerere
1279 3959 1359 4034 licet,

235 4067 334 4121 utrum
350 4062 527 4122 Timotheus
542 4060 696 4138 Euripidis
712 4065 804 4120 artem
822 4060 860 4119 ad
873 4060 1015 4136 Aeschyli
1030 4063 1238 4136 argumentum
1254 4061 1359 4137 ampli·

322 4226 343 4294 ¹)
361 4226 462 4282 Contra
474 4226 579 4281 Seneca
591 4222 689 4293 Agam.
708 4226 801 4279 372ss.
826 4223 936 4277 Hercul.
947 4224 1006 4279 Oct.
1019 4228 1076 4278 tes.
1103 4224 1211 4279 Hercul.
1221 4223 1270 4277 tur.
1282 4228 1360 4279 390s.

235 4310 377 4380 vulgarem
387 4310 422 4365 de
433 4310 521 4366 Niobe
530 4311 559 4364 in
568 4325 663 4365 saxum
674 4324 755 4365 versa
766 4309 948 4363 narrationem
961 4309 1073 4377 profert.
1097 4309 1201 4364 Statius
1211 4309 1299 4364 Theb.
1312 4314 1358 4363 120

235 4400 351 4451 matrem
369 4396 515 4451 liberorum
534 4411 616 4450 urnas
634 4396 669 4449 ad
688 4394 809 4466 Sipylum
829 4393 1103 4450 deducentem-facit
