3384 5100
340 401 380 460 26

339 569 435 630 Niobe
458 569 577 630 videtur·
599 588 713 630 summo
737 570 840 630 dolore
864 589 1011 649 oppressa
1033 571 1063 629 in
1087 571 1201 630 tumulo
1219 571 1378 631 liberorum
1396 589 1464 649 per·

340 690 479 733 severare
496 674 640 748 voluisse;
663 679 763 734 monet
785 678 872 752 pater
894 679 1017 735 mortem
1038 675 1119 735 nullo
1136 673 1223 735 modo
1239 675 1351 751 placari
1368 692 1465 751 posse,

339 775 452 835 seilicet
474 780 507 835 ut
530 777 638 836 mortui
663 776 700 835 ad
725 777 820 837 lucem
844 777 978 837 redirent
1000 776 1037 837 tr.
1055 782 1113 839 161

492 918 598 1006 μόνος
620 925 715 988 θεῶν
739 918 802 1007 γὰρ
825 919 975 999 θάνατος
998 915 1039 988 eri
1062 919 1185 1007 όνόρινν
1207 922 1276 1012 ἐρᾷ,

494 1014 567 1089 οὐδ’
589 1016 631 1090 όν
652 1050 685 1091 τι
707 1021 807 1092 θύων
830 1017 907 1091 οὐδ’
928 1025 1142 1092 ἐπισπένδων
1165 1019 1267 1105 docte,

494 1119 567 1193 οὐδ’
592 1124 661 1193 ἔστι
683 1122 794 1211 βωμός
817 1121 898 1195 ccidi
919 1131 1151 1213 παιωνίζεται·

492 1229 661 1315 μόνον’όὲ
685 1225 802 1299 Πειθώ
824 1229 996 1317 δαιμόνων
1019 1224 1210 1299 ἀποστατεῖ.

340 1391 467 1451 Videtur
489 1411 540 1451 rex
565 1411 584 1451 a
606 1391 668 1452 tilia
683 1392 833 1469 petivisse,
858 1399 890 1453 ut
907 1393 1051 1453 tumulum
1069 1393 1260 1471 relinqueret,
1283 1392 1411 1453 fortasse
1431 1396 1465 1451 ut

341 1512 441 1554 secum
468 1495 498 1554 in
520 1494 622 1554 Asiam
646 1500 857 1555 reverteretur.
901 1496 988 1571 Quod
1018 1514 1084 1555 cum
1115 1497 1216 1556 multis
1238 1495 1376 1573 precibus
1403 1513 1463 1555 non

340 1598 565 1674 impetravisset,
588 1598 752 1658 iracundus
775 1599 847 1658 abiit
869 1598 906 1658 fr.
923 1602 983 1659 157

908 1727 1054 1815 tacetve

544 1828 654 1912 τάφον
676 1831 807 1910 τέκνοις
830 1828 938 1914 ἔπαιζε
959 1845 1032 1908 τοῖς
1054 1827 1266 1920 τεθνηκόσιν.

340 1991 389 2051 Sic
411 1990 488 2051 euim
512 1991 603 2051 verba
624 1992 661 2052 ab
684 1993 836 2069 Hesychia
860 1992 970 2053 tradita
990 1998 1069 2054 sunt.
1113 1994 1199 2053 Licet
1220 1994 1333 2053 scribas
1357 1985 1465 2073 ἐπῷζε

339 2094 554 2172 »lamentare«,
585 2094 616 2154 id
644 2095 725 2170 quod
753 2096 892 2155 Nauckio
923 2097 1045 2173 placuit
1096 2097 1136 2155 At
1165 2095 1247 2155 nullo
1277 2096 1364 2156 modo
1394 2096 1464 2156 ferri

340 2203 439 2274 potest
461 2198 541 2274 quod
564 2197 641 2258 idem
666 2204 752 2276 putat
769 2199 973 2276 imperfectum
998 2219 1053 2277 pro
1079 2200 1253 2276 imperativo
1270 2219 1334 2259 esse
1349 2200 1464 2260 intelle-

340 2301 469 2378 gendum
496 2302 759 2362 »lamentabatur«.
803 2304 880 2362 Nam
908 2322 975 2362 cum
1003 2303 1100 2362 Niobe
1132 2322 1186 2378 per·
1213 2307 1305 2363 totam
1334 2303 1463 2363 fabulam

340 2404 370 2462 in
394 2421 501 2462 scaena
517 2402 644 2477 adesset,
667 2403 817 2480 quomodo
833 2403 913 2464 ieras
930 2423 1111 2482 quemquam
1128 2406 1297 2464 narravisse
1314 2423 1393 2482 quae
1408 2404 1464 2482 ipsi

339 2508 524 2583 spectatores
546 2507 608 2566 suis
631 2507 724 2567 oculis
747 2508 918 2585 praesentia
941 2507 1188 2584 conspiciebant?

426 2629 575 2688 Enarravi
605 2628 668 2688 sere
701 2649 779 2706 quae
811 2649 848 2689 ex
876 2630 949 2708 ipsis
972 2630 1104 2708 reliquiis
1131 2631 1167 2690 de
1191 2629 1292 2690 fabula
1314 2630 1463 2691 enucleari

341 2737 481 2808 possunt;
505 2732 562 2791 iam
585 2732 623 2791 ad
646 2734 819 2811 amphoram
837 2732 1067 2810 Neapolitanam
1084 2738 1278 2794 revertamur.
1322 2733 1464 2793 Videmus

340 2834 459 2893 Nioben
489 2834 518 2893 in
549 2834 686 2911 sepulcro
715 2835 878 2894 liberorum
903 2840 1101 2913 maerentem,
1130 2834 1292 2895 Tantalum
1324 2836 1464 2911 precibus

340 2954 405 2996 eam
429 2936 598 2997 adeuntem.
642 2939 751 2997 Nonne
782 2938 888 2997 mirum
919 2938 949 2997 in
973 2938 1091 2998 modum
1120 2938 1195 2997 hace
1223 2956 1287 2998 cum
1311 2938 1464 3015 Aeschylo

341 3041 555 3101 consentiunt?
601 3042 739 3118 Virgines
755 3060 833 3118 quae
849 3042 994 3102 tumulum
1009 3041 1157 3101 adornant
1172 3042 1255 3100 chori
1273 3042 1354 3101 vices
1372 3060 1463 3117 agero

340 3144 391 3202 vix
403 3147 449 3203 est
461 3142 540 3220 quod
557 3162 691 3203 moneam
707 3148 797 3219 atque
813 3162 849 3202 ex
862 3143 1028 3221 virginibus
1043 3145 1106 3203 sive
1118 3144 1219 3219 Lydis,
1236 3163 1312 3221 quae
1323 3146 1465 3222 aequales

341 3246 490 3323 quondam
504 3246 761 3322 reginaeNioben,
770 3266 834 3306 cum
847 3246 1007 3323 Amphioni
1020 3246 1155 3322 nuberet,
1164 3251 1343 3323 prosecutae
1355 3252 1464 3319 essent,

341 3349 404 3407 sive
419 3347 571 3408 Thebanis
587 3348 707 3407 chorum
725 3347 896 3407 constitisse
911 3348 981 3409 inde
997 3349 1161 3409 statuimus.
1198 3349 1305 3425 Neque
1321 3349 1465 3427 ampliora

340 3454 489 3528 petentem
514 3450 551 3510 dc
574 3450 694 3511 fabulae
717 3455 897 3527 argumento
920 3452 1038 3528 pictura
1060 3449 1168 3510 deficit
1213 3453 1315 3529 Atque
1337 3453 1464 3513 maxime

341 3552 460 3630 quidem
491 3553 521 3612 iu
551 3554 756 3629 quaestionem
786 3554 867 3613 cadit
896 3572 971 3615 auus
1000 3554 1049 3612 illa
1070 3573 1088 3613 a
1112 3554 1199 3615 laeva
1225 3560 1312 3632 parte
1339 3554 1464 3615 aedificii

342 3655 504 3717 considens
527 3663 557 3716 et
580 3675 645 3716 cum
669 3657 766 3718 Niobe
788 3657 897 3717 locuta.
943 3658 1028 3717 Vitae
1043 3663 1150 3717 auctor
1164 3657 1257 3717 tradit
1276 3677 1331 3736 per
1345 3659 1463 3718 tertiam

340 3759 514 3836 tragoediae
536 3764 651 3836 partem
674 3760 790 3820 Nioben
814 3764 957 3833 mutuam,
989 3759 1078 3837 pallio
1106 3760 1270 3821 involutam
1297 3762 1327 3819 in
1351 3762 1464 3821 tumulo

340 3864 502 3923 liberorum
527 3863 708 3941 consedisse,
730 3863 844 3923 frustra
867 3866 1052 3940 spectatores
1075 3864 1312 3939 exspectavisse,
1342 3864 1464 3941 quaudo

342 3966 461 4025 tandem
492 3965 544 4025 illa
573 3966 685 4043 aliquid
708 3966 745 4024 sit
771 3965 910 4025 locutura
932 3964 982 4039 (cf.
1004 3984 1095 4043 supra
1118 3986 1147 4045 p.
1161 3963 1242 4038 129).
1286 3967 1387 4043 Atque
1409 3967 1464 4027 etsi

342 4068 532 4145 longissumis
555 4068 661 4147 paredi
685 4069 810 4129 canticis
824 4067 1008 4145 Aeschylum
1033 4086 1118 4129 usum
1136 4087 1201 4129 esse
1217 4073 1343 4144 constat,
1364 4073 1463 4131 tamen

342 4191 472 4249 uuquam
496 4178 558 4231 tam
576 4173 668 4231 mirac
683 4170 881 4247 longitudinis
895 4171 1040 4249 paredum
1058 4190 1124 4232 eum
1142 4174 1344 4249 composuisse
1366 4191 1465 4249 neque

341 4275 434 4334 ullum
465 4274 632 4350 exemplum
661 4278 778 4350 prostat
807 4292 906 4352 nequo
940 4272 1098 4334 verisimile
1132 4278 1186 4335 est.
1237 4274 1317 4349 Quid
1349 4274 1464 4352 igitur?

343 4377 446 4439 Fidem
471 4376 587 4439 auctori
613 4377 817 4461 abrogemus?
862 4377 982 4440 Minime
1010 4395 1093 4440 saue.
1136 4378 1177 4442 At
1208 4378 1363 4443 statuimus
1393 4380 1463 4437 ante
