3384 5100
1332 356 1376 431 os

255 532 416 594 liberorum
447 532 616 611 sepulcrum
649 531 791 609 pictorem
814 529 929 606 lingere
951 527 1093 588 voluisse.
1136 527 1177 587 At
1199 525 1280 604 quod
1303 525 1376 586 dicit

255 635 351 712 ipsum
376 635 512 712 opificem
534 635 565 694 in
587 653 673 694 suum
698 651 783 693 usum
807 632 885 692 hane
914 631 1033 692 fabulae
1062 630 1185 691 formam
1215 630 1377 707 invenisse,

256 738 367 799 excidit
388 739 415 798 ei
438 738 582 799 memoria
604 736 720 798 Niobae
742 735 940 814 Aeschylum,
969 753 1035 794 oum
1063 752 1124 810 qua
1145 737 1284 793 accurate
1306 752 1375 793 con·

255 842 394 917 sentiunt,
417 859 492 918 quae
515 841 562 900 hic
585 840 664 917 picta
685 838 829 900 videmus.
874 837 971 912 Quam
994 855 1116 896 necesse
1139 842 1184 896 est
1205 834 1375 896 accuratius

254 944 452 1022 inspiciamus,
475 949 507 1004 ut
528 943 566 1003 ab
588 960 624 1003 ea
646 943 793 1019 picturam
816 939 950 1019 pendero
972 939 1170 1017 comprobem.

339 1083 385 1142 De
415 1081 498 1141 initio
528 1080 651 1140 fabulae
680 1082 830 1140 servatum
862 1083 907 1138 est
935 1076 1134 1138 testimonium
1164 1078 1213 1136 vel
1246 1078 1374 1137 maxime

207 1255 208 1258 η
253 1185 406 1262 probabile
429 1183 567 1261 idemque
590 1182 716 1243 aliorum
739 1183 915 1258 scriptorum
939 1181 1115 1240 auctoritate
1137 1180 1342 1240 confirmatum
1351 1178 1374 1254 ¹)

253 1289 315 1348 eius
331 1289 381 1364 qui
397 1268 488 1347 vitam
504 1286 645 1362 Aeschyli
661 1285 830 1362 descripsit:
856 1273 910 1342 διὰ
928 1272 969 1342 τὸ
989 1263 1191 1357 πλεονάζειν
1214 1279 1263 1362 τῷ
1279 1273 1373 1361 βάρει

252 1386 323 1448 τῶν
344 1375 544 1466 προσώπων
566 1382 777 1466 suppositae
799 1372 879 1464 παρ’
897 1372 1138 1464 Ἀριστοφάνει·
1169 1378 1206 1444 έν
1225 1379 1287 1463 μὲν
1309 1375 1371 1464 γὰρ

251 1488 292 1568 τῇ
307 1482 414 1569 Νιόβη
435 1481 568 1571 (Νιόβη)
589 1481 651 1560 έοος
673 1484 791 1568 τρίτου
812 1483 931 1567 μέρους
951 1480 1180 1567 ἐπικαθημένη
1203 1485 1253 1566 τῷ
1274 1477 1373 1564 τάφει

250 1589 322 1652 τῶν
350 1589 485 1653 παίδων
514 1578 616 1654 οὐδὲν
646 1587 829 1671 φθέγγεται
858 1584 1136 1670 ἐγκεκαλυμμένη.
1188 1590 1304 1664 Quibus
1334 1611 1372 1652 ex

251 1697 351 1758 verbis
374 1701 407 1757 ut
429 1698 524 1757 conici
554 1697 622 1756 licet
652 1696 780 1755 fabulam
811 1696 906 1773 ipsam
938 1698 1061 1755 mortem
1093 1695 1266 1767 liberorum,
1296 1713 1371 1771 quos

251 1801 295 1860 bis
325 1805 437 1878 septem
468 1801 651 1876 Aeschylum
685 1799 889 1859 memoravisse
918 1797 1012 1858 schol.
1042 1797 1144 1874 ldurip.
1170 1799 1282 1858 Phoen.
1310 1803 1370 1860 159

252 1909 470 1977 commemorat,
493 1922 552 1962 non
576 1902 756 1978 exhibuisse,
779 1901 831 1960 sed
855 1921 873 1961 a
896 1919 1031 1972 maerore
1054 1900 1155 1960 matris
1177 1901 1269 1960 orbae
1291 1903 1371 1978 prin·

249 2008 357 2085 cipium
388 2006 522 2079 duxisse,
551 2007 592 2066 ita
620 2007 685 2082 ipse
714 2023 843 2065 scaenae
872 2004 992 2065 habitus
1021 2009 1112 2080 atque
1137 2008 1278 2081 aspectus
1300 2005 1371 2064 inde

249 2111 382 2187 intellegi
416 2115 551 2187 possunt.
605 2112 639 2171 ln
673 2108 770 2170 media
803 2108 958 2169 orchestra
990 2113 1176 2184 spectatores
1208 2108 1370 2168 liberorum

249 2213 425 2289 Amphionis
455 2213 600 2273 tumulum
635 2211 722 2272 modo
756 2216 939 2272 exstructum
974 2210 1213 2290 conspiciebant,
1246 2213 1275 2270 in
1310 2232 1369 2288 quo

248 2315 346 2375 Niobe
368 2316 464 2392 capite
487 2315 585 2375 velato
609 2313 770 2374 considens
793 2314 888 2374 dolori
912 2313 1097 2391 indulgebat,
1126 2332 1191 2373 oum
1221 2315 1300 2374 circa
1322 2320 1369 2374 tu-

250 2419 359 2478 mulum
391 2418 500 2478 chorus
523 2418 640 2478 Tantali
672 2417 750 2477 filiae
780 2417 897 2493 culpam
929 2418 1061 2494 iramque
1092 2415 1214 2477 deorum
1239 2421 1371 2478 caneret.

252 2521 429 2599 Amphionis
453 2521 571 2582 domum
596 2521 707 2595 regiam
729 2521 760 2580 in
784 2538 896 2581 scaena
918 2524 1107 2598 conspectam
1131 2538 1198 2581 esse
1218 2539 1317 2598 neque
1333 2540 1369 2582 ex

247 2623 379 2701 reliquiis
401 2623 522 2684 fabulae
545 2625 641 2684 evinci
664 2626 763 2701 potest
785 2627 814 2683 et
837 2627 919 2683 certa
948 2622 1075 2700 quadam
1107 2642 1210 2690 causa,
1242 2624 1279 2683 de
1309 2645 1370 2702 qna

247 2726 326 2785 inira
357 2727 427 2787 data
457 2746 549 2804 opera
579 2726 689 2802 dicam,
718 2725 838 2786 excludi
869 2726 996 2785 videtur.
1047 2728 1138 2786 lmmo
1168 2730 1238 2786 ante
1267 2732 1369 2805 portas

246 2830 431 2903 Thebarum,
453 2830 504 2889 ubi
527 2848 560 2889 re
583 2848 655 2889 vera
679 2825 782 2906 erat2),
805 2835 925 2905 poetam
947 2830 1094 2890 tumulum
1119 2830 1276 2891 liberorum
1300 2833 1368 2891 Am-

246 2933 366 3009 phionis
395 2932 515 2993 finxisse
547 2934 713 2993 statuimus.
764 2934 841 2993 Nam
877 2950 1005 2993 scaenae
1034 2934 1131 2993 locum
1162 2934 1273 2994 Thebis
1303 2953 1368 2996 esse

245 3039 362 3112 politam
385 3036 529 3112 voluisse,
559 3054 618 3095 non
641 3036 672 3094 in
695 3034 806 3113 Lydia,
836 3041 870 3096 ut
891 3036 1084 3096 Hermannus
1114 3038 1253 3113 opinatus
1283 3036 1368 3112 esth,

245 3138 310 3213 ipse
333 3137 380 3197 hic
403 3140 536 3198 tumulus
559 3137 653 3197 docet.
698 3136 830 3197 Eandem
854 3138 944 3214 igitur
967 3138 1030 3198 fere
1045 3156 1184 3199 scaenam
1201 3142 1298 3201 animo
1315 3142 1367 3202 tibi

245 3240 385 3318 effingas,
413 3260 473 3318 qua
502 3243 531 3300 in
555 3242 655 3300 Persis
685 3246 715 3300 et
736 3240 915 3302 Prometheo
943 3247 1061 3318 politam
1089 3260 1174 3302 usum
1197 3262 1263 3304 esse
1285 3245 1367 3321 ipsae

245 3343 366 3404 fabulae
389 3349 526 3405 servatae
549 3343 664 3403 docent.

330 3483 390 3542 lam
415 3489 516 3542 cetera
539 3500 616 3559 quae
640 3481 677 3541 de
700 3481 801 3541 fabula
824 3480 1031 3558 stragmentis
1048 3482 1121 3543 disci
1137 3490 1272 3561 possunt,
1296 3506 1365 3547 con·

244 3585 416 3645 sideremus.
460 3585 587 3646 Oborum
611 3603 648 3644 ex
671 3585 833 3661 virginibus
857 3584 961 3661 Lydiis
989 3588 1153 3647 constitisse
1175 3589 1366 3650 Hermannus

244 3694 275 3747 et
298 3687 502 3749 Weckleinius
525 3687 708 3764 collegerunt
731 3706 768 3747 ex
792 3688 959 3764 fragmento
984 3692 1044 3750 155

390 3830 516 3921 Ἴστρος
538 3834 698 3913 τοιαύτας
720 3836 916 3921 παρθένους
938 3834 1105 3922 ἐξεύχεται

396 3944 531 4026 τρέφειν
554 3931 573 4006 ὅ
595 3932 631 4006 θ’
654 3933 756 4025 ἁγνὸς
781 3942 894 4017 Φᾶσις.

330 4182 349 4250 ¹)
368 4181 423 4235 vid.
440 4178 581 4249 Aristoph.
599 4182 669 4235 Rau.
681 4186 739 4235 911.
775 4181 861 4236 schol.
879 4182 980 4237 Aesch.
998 4183 1088 4237 Prom.
1100 4189 1157 4239 452.
1193 4186 1318 4242 Eustath.
1332 4187 1363 4240 Il.

242 4284 270 4335 p.
286 4272 357 4335 1343,
367 4271 408 4320 62.
461 4268 482 4334 ²)
501 4266 556 4321 vid.
565 4266 681 4321 Parssan.
690 4266 730 4321 IX
742 4272 780 4335 16,
791 4273 814 4321 7.
867 4270 890 4330 ³)
907 4268 940 4322 ln
963 4269 1155 4325 dissertatione
1179 4271 1214 4325 dc
1232 4272 1364 4342 Aeschyli

243 4352 332 4408 Niobe
352 4356 425 4407 1823.
443 4375 478 4397 =
496 4351 735 4422 Opusc.lll37ss.
