3384 5100
495 559 657 642 Πενθεὺς,
681 553 721 662 dv
744 559 853 641 ἔτεκες
875 563 913 629 ἐν
936 559 1051 648 δόμοις
1072 557 1226 649 Ἐχίονος,

495 664 620 750 οἴκτιρε
644 657 703 731 d'od
725 667 826 754 μῆτέρ
849 691 888 751 με
910 667 993 754 μηδὲ
1015 679 1088 744 ταῖς
1110 665 1201 752 ἐμαῖς

497 758 687 854 ἁμαρτίαισι
707 769 812 834 παῖδα
836 763 897 836 σὸν
920 766 1141 853 κατακτάνῃς.

427 897 496 957 Νοο
521 915 621 956 moror
644 897 763 972 singula
778 915 947 957 recensere.
991 898 1127 975 Apparet
1142 916 1180 957 ne
1197 897 1330 957 umbram
1347 897 1467 975 quidem

342 998 461 1059 fabulae
483 998 668 1076 Euripidcac
691 999 892 1076 affectavisse‚
922 1001 972 1077 qui
995 1005 1116 1077 pateras
1138 1000 1320 1061 Robustinas
1344 1019 1468 1060 ornave-

342 1106 420 1162 runt.
465 1103 499 1162 lu
528 1120 601 1160 vass
629 1103 802 1162 Monaceusi
830 1122 893 1162 rem
924 1103 1111 1179 aliquantum
1142 1103 1231 1164 aliter
1261 1119 1328 1163 sese
1355 1103 1467 1164 habere

343 1204 423 1264 intra
455 1203 673 1265 demonstrabo.
727 1207 833 1265 Veram
865 1224 996 1281 pugnam
1027 1207 1057 1265 iu
1090 1205 1270 1283 imaginibus
1301 1205 1361 1265 illis
1392 1207 1470 1267 iuter

343 1307 509 1367 Pentheum
531 1307 749 1385 maeuadcsque
773 1310 957 1368 commissam
982 1326 1048 1368 esse
1072 1327 1109 1368 ex
1132 1309 1329 1386 apertissimis
1351 1307 1470 1369 iudiciis

343 1409 552 1486 intellegimus.
604 1412 747 1471 Nostrum
779 1415 824 1472 ost
857 1411 1002 1471 eiusmodi
1036 1410 1154 1472 fabulae
1190 1410 1272 1488 apud
1305 1413 1467 1487 scriptores

344 1512 472 1590 vestigia
494 1512 649 1591 indagare.

432 1615 601 1677 Sacerdotis
635 1617 663 1676 iu
700 1616 916 1677 Eumenidibus
947 1616 1125 1693 Aeschylcis
1159 1616 1197 1677 de
1230 1616 1360 1695 Corycio
1394 1635 1470 1693 rupe

344 1717 436 1778 haece
459 1718 552 1778 verba
574 1719 728 1794 leguntur:

498 1827 646 1916 Βρόμιος
669 1825 816 1916 ἔχειτὸν
836 1834 959 1916 χῶρον,
983 1823 1056 1898 odo’
1079 1823 1271 1918 ἀμνημονῶ,

500 1933 535 2017 ἐξ
557 1924 638 2000 οὗτε
661 1930 804 2019 Βάκχαις
828 1931 1070 2023 ἐστρατήγησεν
1091 1931 1181 2013 θεὸς,

499 2035 593 2123 λαχοὸ
614 2038 711 2124 δίκην
734 2041 863 2104 Πενθεῖ
883 2034 1103 2124 καταρράψας
1125 2035 1241 2122 μόρον.

431 2184 529 2242 Verba
552 2172 794 2264 ἐστρατήγησεν
816 2170 898 2255 θεός
922 2188 954 2244 ut
972 2183 1092 2243 tabulae
1108 2202 1196 2261 quam
1214 2201 1230 2243 e
1246 2181 1372 2242 Bacchis
1388 2181 1473 2240 Euri·

345 2285 442 2363 pidcis
466 2286 592 2363 aliisque
615 2285 810 2362 scriptoribus
833 2287 985 2362 novimus,
1015 2285 1209 2346 vehementer
1239 2276 1412 2361 repugnant
1433 2285 1474 2343 ita

346 2388 384 2448 ad
401 2407 465 2448 cam
482 2407 569 2464 quam
585 2387 615 2447 iu
632 2389 711 2448 vasis
727 2389 894 2448 invenimus
906 2390 1108 2476 narrationem
1124 2389 1173 2449 rel
1185 2387 1295 2465 optime
1311 2386 1471 2465 quadrant.

347 2493 453 2570 Neque
476 2509 562 2552 secus
585 2492 614 2551 iu
632 2492 817 2553 Baccharum
841 2493 968 2571 prologo
988 2493 1142 2571 Dionysus
1165 2491 1320 2570 praefatur
1341 2510 1369 2551 v.
1384 2494 1474 2552 ὅθεν

857 2600 899 2695 ἢν
923 2607 959 2672 δὲ
984 2607 1141 2693 Θηβαίων
1163 2601 1262 2683 πόλις

501 2698 584 2793 ὀρχη·
606 2707 668 2774 σὺν
693 2702 812 2787 ὅπλοις
835 2708 871 2791 ἐξ
894 2702 995 2794 ὅρους
1018 2705 1153 2793 Βάκχας
1177 2704 1269 2794 άχειν

501 2814 591 2896 ζητῇ,
614 2808 766 2897 συνάψω,
789 2810 938 2878 Μαινάσι
962 2815 1206 2899 στρατηλατῶν

349 2938 429 3000 uude
470 2939 597 2998 coniecit
630 2940 783 2999 Bruhnins
817 2939 992 3017 Euripidem
1035 2958 1102 2999 cnm
1143 2940 1303 3015 prologum
1344 2937 1474 2997 conscri-

348 3042 446 3117 beret,
476 3040 514 3100 de
548 3041 606 3100 alia
636 3040 757 3102 fabulae
787 3042 897 3118 forma,
926 3060 945 3101 a
975 3060 1035 3118 qua
1066 3041 1192 3101 Penthei
1226 3041 1317 3100 vestis
1351 3038 1474 3098 mutatio

348 3145 448 3205 alicua
470 3147 560 3216 essct,
591 3144 783 3221 cogitavisse,
812 3149 918 3222 postca
940 3146 969 3203 in
994 3145 1058 3221 ipsa
1080 3143 1182 3203 fabula
1205 3141 1423 3203 conscribenda
1445 3142 1474 3200 iu

349 3266 456 3307 novum
489 3247 562 3305 illud
592 3248 747 3308 inventum
780 3247 929 3307 incidisse.
973 3248 1019 3307 De
1042 3246 1229 3306 Baccharum
1261 3244 1475 3322 compositione

349 3349 428 3409 inlra
450 3348 521 3409 data
543 3368 635 3427 opera
656 3352 827 3410 accuratius
858 3349 1017 3419 disseram3
1048 3349 1096 3409 hic
1127 3368 1163 3408 ca
1193 3348 1366 3423 constringo
1396 3363 1474 3423 quac

349 3452 387 3511 ad
419 3453 604 3529 propositum
636 3458 782 3528 spectant.
827 3453 951 3515 Ooustat
981 3471 1017 3512 cx
1047 3451 1156 3528 quibus
1184 3450 1268 3511 attuli
1291 3448 1475 3525 argumentis

349 3559 418 3614 autc
441 3555 612 3631 Euripidem
644 3555 681 3615 dc
713 3575 815 3634 pugna
845 3558 924 3615 inter
946 3556 1113 3614 Pentheum
1137 3554 1325 3631 Dionysiquc
1354 3551 1477 3611 comites

350 3659 507 3718 commissa
544 3664 695 3717 narratum
734 3676 799 3719 esse
837 3658 1024 3734 eandemque
1060 3656 1191 3716 tabulam
1228 3655 1409 3732 Aeschylum
1447 3654 1476 3713 in

350 3759 563 3820 Eumenidibus
584 3762 728 3836 attigisse.
772 3760 885 3833 Quodsi
916 3760 1048 3820 ciusdem
1072 3758 1209 3818 Penthea
1239 3757 1269 3816 iu
1293 3758 1374 3835 regis
1396 3757 1476 3816 exitu

351 3866 500 3922 versatam
532 3880 597 3922 esse
628 3860 783 3936 scimus¹)‚
813 3864 843 3923 iu
876 3882 912 3922 ea
942 3862 1044 3923 fabula
1070 3880 1204 3939 pugnam
1227 3860 1308 3919 illam
1332 3859 1476 3938 prolatam

351 3983 415 4025 csse
439 3983 497 4025 nou
521 3966 584 4025 sine
608 3965 817 4042 probabilitate
841 3966 1015 4026 conicimus.

438 4069 482 4127 ux
505 4068 646 4145 Aeschyli
680 4069 771 4145 igitur
800 4069 954 4145 tragoedia
977 4068 1165 4146 Appularum
1200 4066 1359 4142 imaginum
1389 4083 1477 4142 argu-

437 4302 459 4369 1)
478 4302 534 4354 vid.
545 4300 758 4370 Aristophanem
771 4302 799 4355 in
810 4308 972 4372 argumento
984 4301 1164 4357 Baccharum:
1182 4292 1198 4374 ἡ
1211 4294 1373 4369 μοθοποιΐα
1385 4304 1478 4352 κεῖται

352 4385 420 4467 παρ’
438 4384 570 4466 Αἰσχύλῳ
590 4382 621 4443 ἐν
639 4388 758 4449 Πενθεῖ.
