3384 5100
320 421 361 480 30

318 589 466 648 licendum
490 589 685 665 transtulerit,
708 607 745 647 an
769 588 869 664 potius
891 589 955 664 ipse
978 587 1146 665 Aeschylus
1170 588 1369 665 pulcherrimo
1393 586 1442 649 illo

319 693 555 768 gravissimoque
568 692 634 751 loco
650 690 834 767 tragoediam
852 693 1015 767 ornaverit,
1037 691 1198 768 Euripides
1209 691 1444 767 Timotlreusque

320 815 387 854 eum
404 796 462 854 sint
475 795 590 854 imitati.
635 795 759 853 Numeri
774 792 935 870 fragmenti
951 793 989 857 ad
1006 794 1190 871 tragoediam
1208 813 1297 871 quam
1317 793 1443 853 maxime

319 897 535 958 accommodati
558 901 635 968 sunt,
659 897 722 956 sive
745 897 871 956 trimetri
895 897 1012 956 iambici

564 1056 591 1081 υ
604 1065 629 1071 --
641 1056 668 1080 υ
680 1063 706 1071 -
726 1021 870 1110 ἔρχομαι,
892 1027 925 1090 τί
946 1027 980 1110 μ’
1001 1017 1106 1104 αὔεις;

320 1159 382 1217 sive
406 1155 572 1217 dochmiaei

565 1300 592 1325 υ
604 1309 630 1317 -
652 1267 796 1353 ἔρχομαι,
819 1269 852 1334 τί
873 1259 906 1353 μ’
929 1263 1022 1345 αὔεις
1043 1299 1070 1323 υ
1086 1307 1112 1314 -

319 1397 476 1458 frustulum
500 1401 553 1456 est.
597 1397 673 1456 Puto
702 1396 792 1471 igitur
816 1395 990 1472 Euripidem
1013 1396 1043 1455 in
1068 1395 1190 1456 Alceste
1213 1396 1342 1472 speciem
1365 1395 1444 1455 elau·

319 1501 402 1560 sulae
425 1498 540 1560 Niobae
563 1498 750 1575 Aeschyleae
783 1497 869 1558 nobis
892 1499 1039 1575 praebere
1063 1503 1154 1574 atque
1176 1503 1299 1558 mortem
1323 1496 1444 1575 reginae

320 1606 505 1680 spectatores
536 1601 566 1660 in
596 1619 705 1661 scaena
735 1600 854 1660 vidisse.
904 1601 1001 1674 Quam
1032 1602 1209 1661 sententiam
1240 1601 1290 1661 vel
1319 1601 1443 1660 maxime
1524 1625 1527 1631 ·

320 1707 496 1765 confirmant
518 1723 595 1781 quae
624 1704 744 1763 aliunde
773 1703 809 1763 de
833 1705 914 1764 exitu
938 1703 1057 1763 fabulae
1080 1705 1176 1764 conici
1198 1708 1333 1782 possunt.
1377 1705 1443 1764 Jam

320 1826 413 1885 supra
435 1808 512 1867 enim
536 1826 552 1866 e
574 1806 743 1884 fragmento
769 1810 827 1868 157
853 1807 995 1866 evicimus
1018 1807 1178 1866 Tantalum
1210 1809 1305 1866 solnm
1334 1805 1445 1866 infecta

320 1929 353 1970 re
376 1910 631 1986 indignabundum
656 1911 827 1984 recessisse,
852 1909 970 1970 Nioben
992 1910 1104 1970 Thebis
1126 1911 1315 1970 remansisse.
1359 1911 1444 1984 Quae

321 2013 467 2072 sententia
499 2012 718 2088 aliquantulum
749 2013 792 2071 eis
822 2030 942 2088 quoque
972 2012 1133 2090 probatur,
1162 2031 1239 2088 quae
1269 2013 1446 2073 Eustathius

321 2135 348 2192 p.
367 2118 459 2190 1367,
474 2118 515 2176 20
538 2115 625 2174 dicit:
656 2109 712 2173 καὶ
739 2135 759 2196 η
781 2105 938 2194 συμφορὰ
960 2110 996 2174 δὲ
1024 2103 1128 2193 αὐτῆς
1154 2105 1240 2174 κατὰ
1264 2109 1326 2194 μέν
1351 2132 1445 2186 τινας

322 2211 361 2276 ἐν
376 2212 495 2299 Λυδίᾳ,
518 2207 605 2276 κατὰ
628 2211 665 2276 δέ
677 2234 772 2290 τινας
794 2212 831 2276 ἐν
848 2208 971 2299 Θήβαις
993 2213 1150 2296 γενέσθαι
1165 2212 1303 2296 λέγεται.
1331 2217 1445 2294 Σοφα-

321 2317 400 2402 κλῆς
423 2313 458 2379 δὲ
479 2305 560 2390 τοὺς
581 2312 642 2397 μὲν
663 2315 785 2391 παῖδας
808 2305 912 2400 αὐτῆς
933 2313 970 2379 ἐν
988 2310 1112 2398 Θήβαις
1128 2307 1317 2381 ἀπολέσθαι
1332 2315 1444 2401 φησίν,

323 2410 428 2504 αὐτὴν
451 2417 486 2483 δὲ
509 2417 555 2495 εἰς
570 2418 700 2483 Λυδίαν
721 2415 844 2482 ἐλθεῖν.
890 2426 996 2485 Mirum
1020 2442 1093 2484 sane
1115 2429 1196 2484 esset
1215 2425 1296 2502 qnod
1312 2425 1445 2502 Aeschy-

322 2528 383 2588 lum
407 2527 582 2589 Enstathius
605 2528 722 2589 silentio
745 2527 949 2606 praeterisset,
971 2527 1035 2589 siis
1051 2547 1173 2607 quoque
1196 2529 1225 2591 in
1249 2529 1376 2607 patriam
1400 2547 1444 2589 re-

322 2634 421 2708 ginam
438 2632 540 2691 orbam
555 2632 718 2691 recessisse
733 2630 877 2691 finxisset.
914 2632 994 2705 Quid
1010 2632 1107 2710 ergo?
1145 2632 1219 2693 Oum
1234 2651 1333 2709 neque
1348 2634 1445 2710 ipsum

324 2752 451 2795 scaenae
479 2735 576 2795 locum
607 2737 696 2812 polita
722 2734 753 2794 in
775 2734 849 2794 Asia
879 2735 1072 2795 collocaverit
1098 2754 1197 2813 neque
1227 2739 1295 2811 post
1322 2739 1445 2795 mortem

321 2839 483 2898 liberorum
508 2843 630 2897 matrem
652 2838 683 2896 in
707 2837 834 2914 patriam
856 2837 1031 2897 redeuntem
1059 2836 1179 2915 feeerit,
1211 2858 1298 2915 quem
1326 2838 1445 2898 tandem

322 2945 412 3019 putas
436 2941 546 3000 exitum
570 2939 690 2999 fabulae
713 2939 828 3000 fuisse?
872 2940 983 3004 Narrat
1005 2940 1130 3001 Ovidius
1148 2941 1265 3002 Nioben
1281 2941 1394 3001 Thebis
1415 2939 1445 2999 in

323 3062 426 3103 saxum
460 3045 600 3102 mutatam
630 3041 742 3118 ingenti
772 3045 950 3119 tempestate
984 3043 1013 3102 in
1044 3043 1145 3102 Asiam
1174 3042 1341 3103 traductam
1373 3061 1447 3103 esse.

324 3145 412 3219 Quod
435 3149 509 3221 aput
530 3145 713 3222 Aeschylum
737 3162 858 3222 quoque
880 3144 992 3204 factum
1016 3163 1082 3205 esse
1109 3147 1133 3205 si
1157 3145 1225 3223 quis
1248 3145 1304 3206 sibi
1327 3164 1447 3223 persua-

325 3248 395 3308 dere
419 3249 495 3322 vult,
517 3250 542 3307 is
565 3246 649 3307 nobis
673 3247 800 3323 explicet
817 3265 939 3307 neeesse
955 3253 1010 3325 est,
1032 3267 1091 3325 quo
1115 3248 1202 3309 modo
1226 3252 1339 3308 tantum
1363 3249 1447 3308 mira-

324 3351 422 3411 culum
445 3352 475 3410 in
500 3368 609 3410 scaena
631 3350 803 3426 Aeschylea
826 3348 904 3409 effici
926 3351 1066 3427 potuerit.
1111 3350 1169 3425 Qui
1193 3369 1263 3410 vero
1287 3351 1359 3410 dicit
1386 3368 1445 3410 nou

324 3452 386 3512 suis
408 3454 505 3513 oeulis
528 3456 715 3529 spectatores
737 3453 822 3512 illum
845 3452 962 3513 Niobae
985 3454 1096 3513 exitum
1120 3453 1240 3530 vidisse,
1262 3453 1314 3513 sed
1330 3454 1446 3512 bleren-

324 3556 398 3616 rium
422 3575 488 3615 eum
512 3555 687 3633 praedicere
710 3556 853 3633 potuisse,
876 3556 903 3615 ei
927 3561 1062 3616 remanet
1084 3554 1252 3632 difficultas,
1275 3574 1335 3633 quo
1358 3555 1446 3616 modo

323 3660 416 3737 ipsam
432 3657 549 3718 Nioben
565 3663 655 3735 poeta
671 3678 689 3719 a
705 3676 814 3718 scaena
830 3659 999 3718 removerit.
1030 3658 1177 3736 Equidem
1192 3664 1264 3737 puto
1281 3658 1448 3737 digniorem

325 3766 354 3823 et
375 3766 440 3822 arte
462 3780 517 3821 sua
540 3765 570 3821 et
593 3762 695 3821 matris
719 3761 825 3821 dolore
840 3760 960 3821 fabulae
976 3761 1088 3821 exitum
1102 3762 1286 3837 Aeschylum
1309 3763 1351 3822 ita
1366 3762 1448 3822 insti·
1527 3797 1529 3801 -

325 3866 425 3942 tuisse,
446 3870 481 3925 ut
502 3868 570 3942 post
591 3866 685 3943 patris
707 3882 859 3925 recessum
883 3868 913 3924 et
934 3869 1004 3942 post
1018 3865 1198 3943 colloquium
1214 3884 1283 3925 cum
1299 3867 1448 3926 Mercurio

325 3968 458 4028 habitum
474 3968 572 4028 Niobe
587 3986 646 4027 non
663 3968 824 4028 lamentata
839 3986 904 4027 cum
921 3968 1087 4045 virginibus
1102 3986 1241 4029 scaenam
1257 3970 1449 4046 relinqueret,

325 4071 379 4131 sed
400 4075 445 4131 tot
466 4072 558 4131 tantis
581 4071 700 4132 casibus
724 4070 862 4131 conlecta
884 4070 1162 4131 desideratissimam
1186 4077 1309 4133 mortem
1332 4092 1449 4134 oecum-

325 4173 418 4251 beret,
441 4192 551 4252 corpus
573 4174 774 4233 exanimatum
797 4194 815 4235 a
838 4175 930 4235 choro
954 4193 971 4234 e
994 4192 1105 4234 scaena
1127 4181 1339 4237 removeretur.

411 4278 476 4337 Jam
501 4276 539 4337 ad
560 4281 653 4337 totam
680 4276 800 4338 fabulae
827 4276 1071 4354 compositionem
1101 4278 1125 4337 si
1155 4280 1345 4356 respicimus,
1371 4280 1450 4339 inter

327 4378 512 4457 antiquiores
544 4383 652 4458 poetae
689 4380 862 4457 tragoedias
895 4398 961 4440 eam
994 4379 1183 4441 referendam
1216 4400 1283 4442 esse
1315 4384 1449 4459 apparet.
