3384 5100
1303 370 1341 428 15

306 537 432 600 Constat
462 539 552 617 igitur
582 541 611 600 in
641 541 698 599 hae
729 540 829 601 fabula
852 539 1010 601 Herculem
1039 540 1168 618 aquilam
1193 540 1346 616 deiecisse,

221 642 251 704 id
275 642 356 720 quod
378 645 407 702 in
432 661 541 704 scaena
557 643 604 702 vel
628 647 661 703 ut
683 645 795 703 reotius
818 642 915 703 dieam
938 644 968 701 in
985 644 1139 704 orchestra
1153 644 1263 704 tautum
1279 661 1345 704 esse

226 751 256 806 et
278 765 333 825 per
355 765 387 806 se
409 749 493 824 patet
516 752 546 807 et
567 747 660 807 verba
683 745 872 819 confirmant,
901 746 1009 822 quibus
1032 746 1079 806 iile
1101 746 1271 823 Apollinem
1294 766 1345 824 ap·

220 850 312 927 pellat
333 850 472 928 sagittam
495 850 638 910 missurus
662 847 711 922 (tr.
728 846 810 921 200).
856 848 990 909 Eundem
1015 849 1111 926 ipsum
1135 849 1271 909 'Pitanem
1297 868 1346 908 oa·

221 956 292 1012 tena
318 953 491 1012 liberavisse
515 951 719 1030 Apollodorus
747 952 1060 1022 ua1·ratllb,11‚10
1086 945 1143 1009 καὶ
1173 941 1235 1009 τὸν
1262 947 1347 1028 noo

219 1047 331 1133 μηθέα
347 1049 476 1114 διέλυσε
492 1046 724 1135 (εοῊρακλῆς)
742 1040 866 1131 δεσμόν
885 1043 1040 1131 ἑλόμενος
1062 1043 1125 1112 τὸν
1145 1050 1203 1133 τῆς
1225 1045 1346 1127 ε’·λαὶας,

221 1151 276 1214 καὶ
319 1150 463 1234 παρέσχε
502 1153 551 1235 τῴ
584 1150 635 1214 Διὶ
672 1151 811 1232 Χίρωνα
843 1144 1008 1234 θνήσκειν
1042 1144 1239 1236 [ἀθάνατον]
1275 1142 1347 1214 ἄντ’

223 1244 332 1318 αὐτοῦ
355 1253 516 1336 θέλοντα;
539 1260 688 1336 Hyginus,
710 1259 846 1319 1111144
870 1259 969 1330 „hano
983 1260 1112 1336 aquilam
1137 1264 1206 1336 post
1225 1259 1349 1336 ¹triginta

221 1380 317 1421 annos
332 1360 363 1433 (l.
380 1362 512 1438 ‚triginta
528 1361 609 1420 mitia
625 1357 779 1421 annorum‘
796 1360 957 1421 ooll.Ast1·.
975 1363 1003 1420 ll
1021 1357 1073 1431 15)
1094 1363 1241 1422 Hercules
1256 1363 1347 1422 inter·-

220 1463 291 1524 feoit
321 1483 450 1541 eumque
479 1463 646 1536 liberavit“;
682 1465 919 1540 Paus.V11‚6
950 1456 1079 1540 λέγεται
1115 1453 1177 1541 γάρ
1218 1453 1259 1545 δὴ
1291 1459 1348 1523 καὶ

221 1557 299 1625 τόδε
322 1558 355 1638 ές
377 1557 439 1625 τὸν
457 1555 635 1645 Ἡρακλέα,
659 1548 705 1636 οὖς
728 1549 926 1624 άποκτεὶναι
947 1560 1009 1643 μὲν
1031 1556 1093 1625 τὸν
1117 1550 1228 1640 άετόν,
1252 1553 1289 1638 ὅς
1311 1560 1347 1626 έν

108 1689 112 1696 ·
222 1666 271 1747 τῷ
293 1660 454 1748 καοκάσηο
475 1657 538 1728 τὸν
560 1664 745 1747 Προμηθέα
769 1659 902 1741 έλύπει,
935 1662 1080 1744 ἐξέλοιτο
1106 1662 1141 1729 δὲ
1163 1663 1219 1727 καὶ
1243 1656 1349 1729 αάτόν

227 1766 411 1852 Προμηθέα
434 1762 470 1829 έκ
492 1768 564 1830 των
587 1767 726 1850 δεσμῶν.
772 1772 906 1845 Quorum
925 1791 988 1831 oum
1006 1774 1182 1833 testimoniis
1202 1775 1351 1834 consentit

223 1876 415 1951 gravissimus
438 1880 543 1934 auctor
566 1876 631 1952 ipse
654 1875 823 1951 Aeschylus
847 1877 876 1934 in
901 1877 1021 1949 vineto,
1052 1877 1101 1935 ubi
1123 1877 1285 1936 Herculem
1315 1894 1348 1937 se

224 1995 288 2038 esse
311 1978 478 2037 soluturum
501 1978 572 2037 satis
595 1978 684 2055 plano
707 1978 796 2037 Titan
819 1978 975 2054 praefatur·
997 1997 1025 2036 v.
1041 1982 1102 2040 769
1118 1994 1145 2038 s:

327 2113 386 2173 Io.
410 2107 460 2184 τίς
482 2092 546 2172 οὖν
570 2096 588 2170 ὁ
612 2103 727 2172 λύσων
751 2097 780 2172 σ>
802 2105 893 2172 ἐστὶν
917 2100 1061 2186 ἄκοντος
1083 2103 1173 2188 Διὸς;

326 2214 394 2275 ΠΡ.
418 2212 489 2274 τῶν
512 2211 581 2274 οων
603 2199 667 2274 τιν’
691 2200 798 2275 αὐτὸν
821 2207 973 2293 ἐκγόνων
995 2205 1080 2276 εἶναι
1099 2209 1217 2297 χρεών.

310 2355 375 2428 Quo
410 2354 496 2413 modo
528 2354 663 2413 Herculis
696 2357 798 2430 partes
831 2355 862 2413 in
894 2354 1048 2415 liberando
1084 2356 1191 2416 Titane
1225 2357 1348 2417 eironm·

226 2459 355 2534 scriptae
385 2457 496 2526 tuerint
525 2457 604 2516 intra
635 2456 802 2532 disputabo.
846 2457 933 2531 Quod
957 2476 1029 2518 vero
1051 2460 1088 2518 1ο
1112 2460 1235 2519 miratur
1257 2464 1348 2537 atque

228 2562 292 2639 ipse
312 2561 508 2620 Prometheus
531 2565 560 2620 et
582 2560 632 2618 bio
654 2560 744 2619 taeite
768 2559 907 2619 oonoedit
929 2564 959 2620 et
981 2562 1047 2619 aliis
1070 2560 1143 2621 loeis
1166 2567 1248 2622 oerte
1270 2562 1347 2623 attin·
1421 2594 1423 2597 ⁴

226 2660 315 2735 ωειλ)
339 2662 431 2723 invito
454 2664 529 2723 Jove
551 2663 756 2723 liberationem
780 2662 892 2722 faotum
914 2662 958 2734 iri,
981 2663 1011 2722 id
1035 2664 1065 2723 in
1082 2664 1185 2725 Soluto
1208 2664 1346 2743 proteoto

225 2764 312 2824 aliter
335 2765 470 2824 evenisse
494 2769 617 2824 constat.
661 2766 767 2840 Neque
797 2765 874 2823 enim
905 2766 969 2824 siue
992 2765 1076 2825 Jovis
1105 2784 1254 2825 consensu
1277 2767 1366 2825 Pro··

226 2868 376 2927 metheum
399 2868 525 2927 solutum
550 2885 616 2927 esse
639 2872 668 2926 et
690 2886 744 2944 per
767 2884 799 2927 se
823 2874 1055 2928 consentaneum
1079 2874 1124 2928 est
1153 2873 1183 2929 et
1212 2888 1247 2929 eo
1279 2887 1346 2929 oon·

227 2968 371 3043 firmatur,
399 2969 478 3045 quod
509 2988 585 3047 quas
612 2968 798 3030 conditiones
820 2970 1004 3030 liberationis
1027 2970 1165 3047 Juppiter
1187 2971 1217 3030 in
1244 2973 1349 3031 Vinoto

227 3072 309 3147 tulit,
340 3072 382 3131 eis
412 3073 441 3131 in
465 3071 568 3132 Soluto
592 3072 729 3132 Titanum
760 3073 877 3133 subisse
909 3078 993 3133 certa
1014 3075 1183 3133 testimonia
1205 3078 1350 3150 prostant.

230 3176 346 3252 Nempe
369 3194 446 3251 qnae
468 3176 499 3233 in
523 3176 630 3234 Vinoto
654 3177 820 3236 Mercurius
843 3176 914 3236 dioit
937 3196 964 3233 v.
982 3180 1062 3237 1026
1077 3195 1133 3253 sqq
1360 3156 1363 3160 .

330 3305 465 3369 τοιοῦδε
487 3300 621 3389 μόχθον
642 3304 747 3389 τέρμα
768 3303 812 3391 μή
834 3330 868 3370 τι
890 3299 1075 3390 προσδόκα,

330 3407 412 3492 πρὶν
435 3399 476 3471 ἂν
498 3408 593 3471 θεῶν
616 3431 667 3484 τις
690 3402 843 3492 διάδοχος
865 3411 936 3473 τῶν
958 3411 1029 3473 σοον
1051 3406 1171 3473 πόνων

330 3512 429 3593 φανῇ,
452 3506 580 3597 θελὴση
602 3500 631 3574 τ’
655 3510 700 3587 εἰς
723 3500 915 3597 ἀναύγητον
936 3514 1053 3596 μολεῖν

331 3611 440 3698 Αῗδην
462 3609 606 3695 κνεφαῖά
627 3602 656 3677 τ’
679 3606 763 3697 ἀμφὶ
789 3610 960 3699 Ταρτάρου
983 3611 1074 3700 βάθη

230 3757 256 3815 ei
288 3757 455 3817 eondioioui
485 3758 515 3817 in
538 3756 642 3817 Soluto
666 3757 851 3817 satisfactum
874 3776 941 3817 esse
963 3759 1167 3837 Apollodorus
1189 3758 1278 3818 (lueet
1299 3760 1317 3819 l.
1333 3760 1352 3818 l.

229 3855 286 3919 καὶ
305 3855 447 3940 παρέσχε
469 3856 652 3939 (Ηρακλῆς)
675 3856 726 3940 τῷ
742 3855 793 3920 Διὶ
811 3856 951 3941 Χίρωνα
965 3852 1128 3942 θνήσκειν
1150 3846 1352 3936 [ἀθάνατον]

317 4082 338 4148 ¹)
355 4078 390 4133 of.
407 4079 540 4147 imprimis
558 4094 656 4133 versus
673 4082 724 4132 989
736 4094 796 4148 sqq.

324 4240 327 4244 ,
434 4178 488 4237 οὐκ
507 4175 586 4237 ἔστιν
603 4174 713 4248 αἴκισμ’
731 4173 797 4237 οὐδὲ
815 4175 957 4249 μηχάνημ’
976 4170 1036 4255 ὅτῳ

433 4264 632 4337 προτρέψεταί
646 4284 683 4334 με
703 4262 775 4332 Ζεὺς
792 4271 956 4337 γεγωνῆσαι
973 4262 1042 4321 τάδε

433 4351 501 4427 πρὶν
520 4346 554 4408 lb
570 4356 706 4425 χαλασθῇ
724 4348 816 4421 δεσμὰ
834 4347 1020 4425 λυμαντήρια.
