3384 5100
299 1326 498 1402 Quaestiones
512 1344 587 1404 quas
601 1325 630 1386 in
648 1327 704 1386 hoc
715 1325 814 1386 libello
827 1325 897 1385 mihi
913 1327 1023 1403 sumpsi
1035 1325 1208 1386 tractandas
1223 1324 1335 1402 duplex

213 1448 321 1490 munus
337 1429 580 1507 complectuntur
595 1428 756 1506 colligendi
771 1432 921 1507 quotquot
937 1432 1126 1489 monomenta
1141 1427 1179 1487 ad
1195 1428 1335 1504 Aeschyli

213 1532 385 1610 tragoedias
414 1535 568 1609 spectant,
597 1530 751 1592 scrutandi
779 1551 856 1609 quae
885 1530 1123 1592 adinvenienda
1150 1530 1335 1609 perditarum

213 1634 379 1695 fabularum
404 1639 581 1711 argumenta
604 1634 674 1694 inde
697 1633 876 1694 efficiantur.
920 1635 1055 1694 Alterum
1078 1633 1209 1695 officinm
1233 1634 1336 1694 iudea

214 1738 365 1798 Welclrcri
380 1739 521 1797 memoria
537 1737 688 1797 desertum
711 1737 775 1797 fere
791 1755 825 1796 ao
842 1738 1013 1814 neglectum
1029 1737 1121 1814 iacet,
1145 1742 1337 1797 monumenta

214 1841 251 1900 ad
274 1841 455 1916 Aeschylum
479 1859 623 1901 revocare
646 1840 746 1899 multis
768 1840 864 1900 modis
887 1840 972 1900 multi
994 1839 1186 1900 studuerunt.
1229 1840 1337 1917 Neque

215 1947 324 2019 tamen,
346 1944 376 2001 in
399 1959 524 2018 quorum
541 1959 669 2003 censura
685 1943 847 2020 praecipue
870 1961 992 2019 operam
1008 1945 1263 2020 consumpserunt,
1278 1961 1338 2002 mo-

216 2050 358 2105 numenta
381 2045 410 2104 in
435 2044 562 2106 Orontea
584 2043 687 2105 fabula
708 2048 828 2104 versata
848 2044 959 2105 idcirco
979 2045 1244 2122 praetermittenda
1266 2043 1338 2104 duxi

214 2149 278 2208 sive
301 2148 405 2225 paucis
433 2148 624 2221 absolvenda,
647 2148 801 2208 luculenta
823 2147 939 2208 scilicet
961 2166 997 2208 ea
1019 2148 1155 2225 exempla
1169 2153 1264 2221 ratus,
1278 2165 1338 2224 qna

216 2250 331 2311 ratione
359 2251 388 2309 in
411 2249 520 2310 fabulis
549 2249 736 2310 illustrandis
766 2255 883 2310 veteres
913 2251 957 2310 usi
988 2251 1056 2310 sint
1099 2250 1338 2310 Fundamentum

217 2353 309 2430 igitur
343 2371 378 2412 ea
407 2356 576 2430 praestant,
607 2352 687 2413 nnde
717 2354 747 2413 in
782 2352 975 2413 restituendis
1006 2353 1045 2413 ad
1078 2356 1337 2413 monumentorum

216 2455 304 2517 iidem
327 2455 513 2533 perditarum
536 2454 705 2516 fabularum
720 2455 904 2532 argumentis
922 2455 1155 2533 proficiscamur.
1191 2457 1339 2531 Quocirca

216 2561 258 2619 ita
281 2559 466 2637 progrediar,
489 2564 523 2620 ut
544 2560 672 2636 primum
696 2578 732 2619 ea
748 2566 941 2620 monumenta
954 2559 1108 2633 illustrem,
1129 2577 1207 2638 qnae
1223 2559 1261 2620 ad
1276 2578 1338 2620 ser·

217 2667 301 2722 vatas
324 2661 439 2722 fabulas
462 2665 615 2739 spectent;
644 2667 706 2722 tnm
730 2681 765 2722 ea
788 2662 1056 2739 comprehendam,
1083 2680 1161 2739 qnae
1190 2663 1246 2723 etsi
1273 2663 1338 2723 iure

216 2765 254 2825 ad
277 2764 449 2843 deperditas
471 2765 614 2844 quasdam
636 2758 779 2841 Aeschyli
802 2764 919 2825 fabulas
940 2764 1120 2841 referuntur,
1141 2770 1240 2826 tamen
1265 2766 1338 2826 nihil

163 2908 165 2915 ,
217 2867 286 2928 novi
314 2867 442 2928 doceant
471 2873 501 2927 et
530 2867 567 2927 ad
596 2874 773 2945 argumenta
802 2867 970 2928 fabularum
1001 2868 1211 2945 cognoscenda
1241 2870 1339 2928 minus

217 2964 354 3041 valeant}
377 2970 507 3048 denique
531 2969 568 3030 de
583 2972 626 3031 eis
642 2970 792 3047 disseram,
813 2987 892 3049 quae
913 2971 1128 3032 accuratiorem
1146 2971 1340 3049 suppeditent

218 3074 351 3134 notitiam
374 3072 541 3133 fabularum
565 3072 796 3151 deperditarum.

302 3177 422 3236 Initium
446 3176 523 3237 facio
546 3195 584 3236 ex
606 3178 648 3237 eis
671 3178 884 3251 monumentis,
911 3196 989 3254 quae
1012 3175 1175 3238 Orestem
1198 3177 1340 3238 exhibent

220 3279 385 3356 supplicem
409 3278 446 3337 ad
467 3278 636 3354 omphalum
653 3279 803 3355 Apollinis
827 3278 1040 3340 considentem.
1086 3279 1179 3341 cuius
1200 3279 1262 3341 iata
1284 3280 1340 3340 etsi

218 3383 257 3442 ad
285 3382 372 3442 fidem
400 3381 580 3443 Stesichorei
609 3384 749 3442 carminis
778 3384 834 3443 iam
862 3387 933 3443 ante
959 3401 1070 3444 annum
1098 3384 1217 3444 tertium
1240 3382 1340 3460 Olym·

219 3484 317 3563 piadia
339 3485 448 3544 LXXX
479 3483 549 3545 licta
576 3488 714 3564 pictaque
746 3485 838 3546 inisse
865 3490 983 3546 constat
1009 3504 1108 3563 neque
1137 3486 1167 3546 iu
1199 3487 1340 3563 operibns

220 3592 288 3666 post
300 3587 480 3666 Aeschylum
504 3587 591 3648 iactis
613 3587 818 3649 Stesichoreae
841 3589 1022 3649 narrationis
1044 3589 1170 3665 vestigia
1190 3580 1341 3666 desunt1),

221 3695 320 3751 tamen
345 3694 428 3750 tanta
451 3694 515 3750 erat
538 3690 723 3767 Aeschyleae
745 3690 918 3769 tragoediae
942 3692 1105 3752 auctoritas
1127 3691 1207 3769 apud
1230 3709 1341 3768 omnes,

220 3794 273 3871 qui
284 3799 353 3871 post
363 3812 430 3853 enm
445 3794 474 3852 in
491 3793 548 3853 hoc
563 3799 739 3869 argumento
752 3794 862 3853 versati
878 3797 957 3871 sunt,
968 3798 1001 3853 nt
1016 3794 1126 3853 nullius
1141 3792 1205 3853 iere
1220 3793 1340 3853 fabulae

221 3915 319 3973 neque
341 3895 483 3973 Aeschyli
512 3914 610 3973 neque
639 3895 790 3973 Euripidis
816 3896 904 3974 plura
934 3897 964 3956 in
991 3895 1189 3957 monumentis
1217 3897 1341 3973 vestigia

220 3999 387 4059 rideamus.
453 4000 563 4075 Magno
597 4016 613 4059 e
648 4017 772 4059 numero
806 4018 842 4059 ea
874 4000 1059 4076 potissimum
1093 4000 1171 4076 elegi
1204 4000 1342 4077 exempla

221 4120 300 4178 quae
338 4101 375 4161 ad
414 4102 576 4173 rationem,
621 4120 700 4179 quae
736 4103 814 4162 inter
851 4104 994 4178 pictorem
1031 4107 1060 4162 et
1097 4106 1213 4178 poetam
1252 4103 1340 4162 inter·

222 4204 319 4281 cedat,
343 4204 582 4282 perspiciendam
598 4205 724 4264 maxime
740 4205 917 4281 pertineant.
963 4206 1063 4282 Atque
1078 4205 1206 4283 primum
1222 4204 1341 4281 quidem

306 4372 327 4434 ¹)
346 4368 408 4423 Vid.
427 4368 541 4437 Rohert,
559 4368 622 4422 Bild
639 4369 696 4423 und
714 4369 782 4424 Lied
798 4385 826 4439 p.
843 4373 934 4423 litias.

1156 4493 1173 4544 8
