3384 5100
1352 431 1370 489 V

250 608 369 682 eminet,
391 609 420 668 in
444 606 568 669 dextera
590 625 679 668 mauu
701 606 864 684 scipionem
887 606 973 682 gerit
1017 604 1103 665 Oruri
1126 603 1244 686 sinistro
1267 602 1371 663 rincu-

250 711 311 770 lnm
334 711 554 771 circumiectum
577 713 623 770 est
645 713 751 769 catena
765 709 832 785 rupi
848 707 977 769 affixum.
1021 706 1198 767 Braccbinm
1221 705 1370 766 sinistrum

251 814 418 890 Vulcanus,
447 814 533 873 cuius
556 821 648 891 caput
671 812 731 889 pilo
755 815 866 872 tectum
890 815 950 885 est,
976 811 1115 881 sustinet,
1142 815 1175 870 nt
1196 809 1226 868 id
1249 826 1371 887 qnoque

251 915 289 975 ad
311 934 417 993 rupem
445 914 567 992 adliget.
611 915 690 989 Quin
719 914 757 974 ad
785 915 880 992 ipsam
907 912 1049 991 Aeschyli
1078 912 1210 972 fabulam
1237 913 1371 990 scalptor

251 1020 433 1096 spectaverit
463 1017 592 1078 dubitari
620 1035 678 1078 nou
708 1023 822 1095 potest,
852 1035 918 1076 cum
949 1021 1019 1077 ante
1046 1016 1228 1094 Aeschylum
1255 1014 1371 1076 nullum

251 1127 371 1200 poetam
394 1124 516 1182 titanem
543 1122 612 1198 rupi
641 1120 765 1180 affixum
791 1119 914 1180 linxisse
942 1124 1066 1179 constet
1110 1118 1267 1179 Vinculum
1290 1120 1371 1178 cruri

251 1226 471 1286 circumiectum
484 1227 696 1285 commemorat
704 1223 875 1300 Aesebylna
887 1240 976 1286 versu
986 1225 1026 1283 74
1041 1215 1142 1300 σκέλη
1154 1215 1190 1281 δὲ
1202 1214 1372 1298 κίρκωσον

250 1321 314 1408 βίᾳ.
360 1325 513 1386 Placidum
538 1326 664 1387 Vulcani
687 1327 802 1385 vultum
832 1342 888 1385 suo
914 1324 979 1384 inre
1002 1325 1230 1402 Furtwaengler
1257 1326 1372 1386 rettulit

250 1429 289 1490 ad
313 1429 406 1490 verba

455 1533 584 1607 ἄκοντά
608 1532 637 1606 o'
661 1536 754 1606 ἄκων
778 1538 955 1617 δυσλύτοις
974 1536 1176 1626 χαλκεύμασι

454 1641 767 1730 προσπασσαλεύσω
789 1637 869 1728 τῷδ’
891 1637 1116 1730 ἀπανθρώπῳ
1137 1640 1243 1730 τόπῳ.

252 1789 408 1867 Sceptrum
432 1789 514 1867 qnod
536 1790 567 1848 in
590 1807 700 1849 scaena
722 1788 796 1848 titan
820 1789 949 1866 gessisse
972 1807 1032 1848 non
1055 1793 1167 1867 potest,
1190 1788 1268 1849 idem
1291 1795 1373 1851 recte

251 1897 375 1952 excusat
397 1911 434 1952 ex
457 1892 627 1953 Promethei
650 1891 730 1968 apud
754 1891 869 1951 Atticos
893 1891 983 1968 cultu,
1004 1893 1084 1951 vasis
1107 1893 1261 1954 cniusdam
1280 1894 1371 1954 Attici

252 1995 343 2069 (lion.
366 1994 394 2055 d.
418 1997 488 2056 lust.
503 1997 529 2056 V
546 1998 598 2064 35)
620 1995 790 2055 testimonio
813 1994 939 2055 adiecto.

337 2202 465 2260 Ventum
493 2204 538 2260 est
569 2200 606 2259 ad
634 2219 669 2260 ea
696 2205 904 2276 monumenta,
933 2218 1012 2277 quae
1039 2199 1077 2262 de
1106 2200 1214 2262 fabulis
1245 2203 1371 2280 perditis

251 2304 384 2383 pendere
407 2303 555 2362 videntur.
599 2305 699 2381 Atque
728 2322 804 2381 quae
834 2303 873 2362 ad
906 2294 1067 2364 Penrueuu
1098 2310 1249 2382 spectant,
1279 2325 1316 2366 ea
1341 2309 1371 2367 in

252 2406 328 2466 duas
351 2407 462 2466 classes
484 2407 533 2466 vel
555 2407 649 2484 primo
674 2407 778 2467 obtuto
798 2405 983 2467 dividuntur.
1026 2408 1128 2467 Altera
1150 2427 1228 2483 quae
1250 2415 1372 2486 praeter

252 2510 377 2571 Romani
405 2510 549 2587 temporis
583 2528 675 2588 opera
704 2509 822 2577 Atticae
856 2508 988 2571 fabricae
1018 2514 1132 2571 tantum
1165 2513 1373 2590 complectitur

252 2632 333 2691 rasa,
355 2614 449 2691 ipsam
473 2618 597 2674 mortem
620 2614 699 2690 regis
715 2613 844 2685 exbibet,
868 2614 919 2690 qni
936 2613 1034 2673 nudus
1048 2615 1169 2674 inermis
1184 2635 1202 2675 a
1217 2617 1373 2676 comitibus

253 2716 411 2777 destitutus
427 2736 446 2775 a
462 2715 655 2776 maenadibus
678 2714 867 2776 dilaceratur.
900 2716 934 2776 In
950 2716 1044 2777 altera
1056 2717 1207 2777 Pentheus
1223 2719 1373 2778 calceatus

253 2820 403 2897 pallioque
434 2819 555 2879 indutus
587 2837 651 2878 cnm
680 2817 783 2897 gladio
814 2819 946 2879 hastisve
976 2837 1007 2880 ae
1034 2839 1053 2880 a
1079 2820 1190 2879 Bacchi
1217 2821 1373 2882 comitibus

253 2921 395 2981 defendit.
439 2922 553 2981 Prioris
575 2922 696 2997 generis
720 2926 910 2981 monumenta
933 2924 989 2982 etsi
1011 2940 1067 2999 pro
1089 2922 1250 3000 figurarum
1275 2925 1373 2983 simili·

252 3024 356 3085 tudine
377 3024 415 3083 ad
440 3024 564 3084 eandem
581 3024 712 3084 fabulam
730 3026 828 3084 omnia
843 3026 994 3101 pertinere
1010 3025 1160 3096 videntur,
1182 3025 1220 3085 ad
1237 3027 1373 3104 dispares

253 3133 351 3189 tamen
374 3128 562 3187 narrationes
579 3132 717 3205 spectare
732 3127 845 3188 Paulus
860 3128 996 3206 Hartwig
1007 3125 1029 3200 ¹)
1051 3127 1207 3189 intellexit.
1250 3128 1285 3189 In
1301 3148 1373 3191 vase

253 3231 329 3291 enim
356 3230 436 3291 band
460 3232 589 3307 integro,
611 3230 692 3307 qnod
708 3230 871 3307 Pamphaei
893 3234 987 3290 artem
1005 3230 1130 3308 redolet,
1153 3230 1203 3291 uni
1220 3249 1257 3291 ex
1272 3233 1373 3293 mulie·

252 3334 344 3411 ribus,
366 3353 444 3412 quae
467 3352 567 3411 regem
591 3333 769 3410 dilacerant,
792 3352 900 3394 nomen
924 3323 1062 3413 Γαλήνη
1086 3334 1269 3413 adscriptum
1293 3335 1374 3409 est²l

252 3440 398 3516 Reliquae
430 3438 568 3497 mulieres
599 3445 631 3498 ut
661 3438 780 3516 qnidam
813 3456 894 3498 nunc
927 3438 1045 3514 pictura
1077 3442 1175 3498 exstat
1205 3440 1373 3501 nominibus

253 3546 365 3601 carent.
416 3539 503 3615 Quod
534 3558 606 3600 vero
636 3559 743 3600 nomen
768 3528 911 3619 Falqvq]
933 3540 1012 3600 inter
1041 3540 1219 3601 maenadum
1252 3544 1374 3601 nomina

253 3662 313 3703 non
336 3643 500 3703 inauditum
511 3639 536 3716 ³)
559 3643 598 3702 ad
613 3643 714 3704 Oadmi
737 3642 812 3703 lilias
834 3644 952 3703 minime
969 3643 1105 3721 quadrat,
1126 3662 1181 3703 suo
1203 3645 1268 3705 inre
1285 3646 1373 3704 Hart-

253 3745 348 3821 wigns
371 3747 476 3805 statuit
496 3746 639 3822 pictorem
663 3746 786 3823 Agaues
810 3746 927 3805 lacinus
949 3747 1070 3806 omnino
1093 3747 1265 3822 nescivisse,
1287 3748 1373 3807 lluri·

253 3847 350 3922 pidem
374 3850 502 3924 primum
526 3868 585 3908 non
609 3867 626 3907 a
649 3847 831 3925 quibuslibet
854 3847 1049 3908 maenadibus
1071 3848 1124 3909 sed
1147 3849 1265 3925 abipsa
1280 3853 1373 3910 matre

254 3949 446 4010 dilaceratum
476 3969 576 4027 regem
605 3950 793 4012 iudicavisse.
841 3950 890 4010 Ad
920 3951 1117 4027 antiquiorem
1149 3951 1225 4011 banc
1255 3951 1374 4012 fabulae

253 4052 375 4111 formam
399 4052 559 4113 referenda
589 4059 660 4113 sunt
688 4058 809 4130 praeter
831 4053 1067 4131 antiquissimum
1098 4054 1173 4113 illud
1202 4055 1373 4131 exemplum

341 4234 360 4304 ¹)
378 4235 410 4288 lu
429 4234 571 4289 annalibus
589 4236 707 4290 instituti
725 4236 925 4305 archaeologicl
939 4237 994 4293 Vll
1013 4241 1078 4291 1892
1096 4254 1123 4305 p.
1135 4241 1228 4292 153ss.
1280 4239 1303 4306 ²)
1321 4238 1374 4292 De·

252 4320 408 4375 lineandnm
419 4319 484 4374 illud
495 4320 600 4375 curavit
609 4321 765 4390 Hartwigus
775 4322 792 4375 l.
805 4339 830 4375 c.
839 4322 894 4376 tab.
904 4328 946 4376 45.
981 4325 1004 4391 8)
1022 4323 1181 4391 Hartwigns
1190 4323 1268 4378 affert
1282 4339 1373 4378 exem·

251 4407 327 4479 plum
346 4423 507 4477 expressum
525 4407 600 4477 apud
618 4406 768 4478 Millingen,
785 4409 875 4465 Vascs
887 4408 995 4477 (logbill
1011 4409 1047 4479 pl.
1061 4407 1135 4464 XIX.
