3384 5100
1356 464 1375 522 5

254 635 388 695 Minerva
411 653 475 695 cnm
499 635 616 694 calculo
639 633 736 695 efficta
760 639 857 695 estet
880 636 910 694 in
933 635 1056 711 gemmis
1079 635 1231 694 nonnullis
1243 632 1265 705 ¹)
1293 640 1323 694 et
1345 635 1374 696 in

254 737 384 798 lucernis
407 737 524 815 figlinis.
534 735 558 810 ²)

338 841 403 900 Jam
427 859 498 901 vcro
521 840 698 917 sarcophagi
722 860 829 916 agmen
853 840 968 902 ducunt
987 859 1089 901 eornm
1107 844 1375 917 monumentorum,

253 963 331 1020 quae
362 963 378 1004 e
409 937 592 1020 thoepborls
618 944 761 1021 Aeschyli
792 948 1000 1021 argumentum
1031 945 1212 1020 hauserunt,
1244 962 1322 1020 quae
1343 949 1374 1004 et

253 1048 319 1124 ipsa
353 1065 411 1106 non
446 1048 510 1106 sine
541 1045 640 1106 fructu
670 1047 936 1124 examinabuntur,
966 1049 999 1106 nt
1027 1045 1171 1106 artificum
1201 1064 1311 1105 morem
1343 1047 1373 1105 iu

254 1150 349 1224 poetis
372 1148 554 1209 illustrandis
577 1149 666 1225 plane
681 1149 906 1226 perspiciamus.
949 1149 1068 1226 Quippe
1083 1148 1254 1224 Aeschylus
1269 1148 1372 1225 Aegis-

254 1253 335 1312 thum
359 1252 441 1312 loras
463 1256 601 1312 vocatum
624 1250 704 1329 lecit,
726 1271 764 1311 ue
787 1270 842 1328 per
862 1252 1005 1312 satellites
1021 1244 1138 1312 Orestis
1160 1251 1315 1311 consilium
1335 1249 1372 1309 ad

253 1354 369 1415 irritum
394 1355 522 1415 caderet.
566 1355 679 1416 Onutra
701 1353 781 1432 apud
798 1356 1000 1416 Stesichorum
1023 1374 1125 1432 regem
1149 1356 1179 1414 in
1203 1354 1279 1414 solio
1296 1355 1372 1430 Aga·

254 1459 417 1518 memnonis
447 1458 573 1517 occisum
603 1476 669 1517 esse
697 1460 769 1517 nola
791 1458 936 1534 quaedam
960 1459 1057 1535 quinti
1088 1457 1198 1518 saeculi
1228 1475 1301 1517 vasa
1323 1457 1373 1516 do·

254 1557 363 1633 cent³)
408 1561 472 1620 Jsm
496 1560 636 1637 inspicias
659 1578 718 1636 quo
742 1560 829 1620 modo
857 1563 887 1620 in
915 1561 1111 1637 sarcophagis
1134 1560 1276 1619 Romanis
1298 1559 1373 1619 haec

253 1681 301 1723 res
324 1681 468 1740 expressa
490 1661 570 1736 sibl)
614 1662 757 1739 Pyladem
784 1664 921 1724 videmus
952 1664 1004 1740 qni
1028 1664 1163 1740 Aegisthi
1187 1682 1204 1721 a
1227 1662 1301 1722 sella
1325 1660 1373 1721 de

254 1767 329 1843 lapsi
353 1785 461 1843 corpus
484 1767 681 1827 exanimatum
705 1768 797 1843 pallio
814 1767 930 1844 spoliat,
953 1772 986 1827 nt
1000 1767 1109 1828 nutrici
1123 1785 1199 1844 quae
1214 1767 1374 1843 perterrita

253 1875 417 1945 aversatur,
439 1888 541 1945 regem
565 1871 693 1930 occisum
717 1870 865 1930 ostendat.
908 1871 1001 1930 Juxta
1024 1888 1090 1929 enm
1114 1868 1235 1930 Orestes
1258 1869 1374 1945 conspi-

253 1974 339 2049 citur,
362 1973 446 2032 cnins
462 1969 499 2030 ad
515 1971 609 2048 pedes
626 1977 720 2032 mater
735 1977 842 2032 necata
858 1974 943 2033 iacet.
987 1972 1100 2033 Servus
1116 1971 1197 2031 humi
1213 1971 1373 2031 considens

252 2076 307 2134 snb
337 2074 500 2134 scabellum
529 2092 561 2135 se
593 2075 724 2135 condere
751 2079 887 2135 conatur.
938 2077 1003 2136 Jam
1035 2093 1107 2135 vero
1137 2075 1230 2135 suriae
1262 2092 1375 2149 angues

253 2178 404 2237 vibrantes
426 2179 456 2238 in
480 2177 614 2239 Orestem
638 2177 801 2255 secedunt,
828 2179 880 2254 qni
902 2177 1005 2239 furore
1027 2195 1188 2256 percussus
1211 2178 1247 2236 ab
1271 2194 1373 2236 earnm

252 2284 415 2357 conspectu
450 2279 563 2339 vultum
596 2280 711 2340 avertit
768 2280 931 2356 Aegisthus
965 2279 1002 2339 de
1037 2279 1112 2340 solio
1144 2278 1285 2355 delapsus
1318 2279 1373 2338 etsi

252 2383 440 2458 Aeschyleae
470 2382 590 2442 fabulae
613 2384 804 2443 vehementer
832 2389 996 2460 repugnat,
1022 2388 1120 2442 tamen
1150 2381 1293 2442 furiarum
1323 2381 1374 2442 ille
1431 2364 1440 2376 ’

253 2485 401 2545 adventus
424 2504 539 2546 omnem
563 2485 775 2546 dubitationem
801 2486 901 2558 demit,
924 2486 996 2564 quin
1019 2485 1129 2546 artilex
1145 2485 1286 2561 Aeschyli
1309 2502 1375 2544 ver-

252 2607 302 2649 sus
324 2591 354 2648 in
377 2589 474 2649 animo
498 2590 652 2661 habuerit,
681 2590 730 2649 nbi
754 2589 878 2651 Orestes
905 2608 971 2649 cum
1001 2589 1178 2666 corporibus
1205 2589 1309 2647 matris
1337 2606 1374 2647 ac

252 2693 332 2768 regis
356 2694 385 2751 iu
409 2693 546 2752 machina
568 2696 696 2769 apparet
719 2697 749 2752 et
771 2692 808 2751 de
830 2691 964 2752 facinore
987 2692 1134 2768 gloriatus
1157 2691 1251 2750 furias
1275 2690 1372 2750 subito

251 2795 405 2873 conspicit.
441 2795 586 2857 Oonleras
609 2813 715 2855 versus
740 2798 965 2858 locs—1051:

789 2931 832 3007 ἇᾶ

456 3057 610 3129 γυναῖκες
633 3041 705 3110 αἵδε
726 3040 911 3129 Γοργόνων
935 3044 1032 3130 δίκην

456 3148 675 3232 φαιοχίτωνες
697 3148 753 3212 καὶ
775 3147 1087 3233 πεπλεκτανημέναι

454 3263 599 3327 πυκνοῖς
620 3246 811 3335 δράκουσιν.
854 3241 964 3316 οὐκέτ’
986 3244 1027 3316 ἂν
1049 3242 1191 3335 μείναιμ’
1214 3246 1287 3333 ἐγώ.

252 3399 350 3458 Unum
375 3398 467 3473 igitur
489 3396 565 3456 illnd
581 3396 800 3457 Stesichorenm
824 3400 882 3455 est:
905 3396 1067 3472 Aegisthus
1090 3395 1119 3453 in
1136 3399 1279 3470 usurpato
1296 3395 1373 3472 Aga·

252 3499 417 3559 memnonis
447 3500 521 3559 solio
549 3503 686 3576 necatus,
717 3518 754 3558 ex
785 3499 931 3558 artificum
962 3517 1050 3575 qnam
1080 3496 1185 3558 dicnut
1213 3498 1373 3557 traditione

251 3609 402 3681 sumptns3
426 3609 526 3663 cetera
548 3604 646 3663 omnia
662 3601 843 3680 Aeschylea.
879 3602 979 3663 Habes
994 3601 1161 3677 exemplum
1184 3600 1319 3676 imaginis
1335 3620 1372 3660 ex

252 3702 368 3764 duobus
381 3708 477 3782 poetis
489 3704 615 3765 diversis
628 3705 723 3765 modis
739 3705 908 3781 pendentis.
930 3706 1007 3763 Nam
1020 3703 1058 3762 ad
1071 3703 1206 3780 picturae
1218 3701 1371 3762 cuiusdam

252 3809 422 3884 exemplum
438 3809 694 3886 sarcophagorum
711 3807 833 3884 opifices
849 3825 988 3867 scaenam
1008 3806 1087 3865 illam
1105 3805 1289 3883 expressisse
1304 3810 1373 3881 post

338 4005 359 4071 ¹)
382 4003 423 4059 Of.
442 4004 555 4075 anlns,
579 4005 692 4060 Recneil
716 4004 903 4074 d’Autiqnites
920 4005 947 4059 ll
968 4005 1005 4074 pl.
1023 4009 1063 4059 43.
1087 4004 1139 4058 No.
1156 4008 1179 4056 2.
1219 4001 1372 4071 Overheck,

251 4087 408 4144 Bildwerke
426 4106 487 4144 unm
506 4090 679 4146 Thebischeu
700 4091 755 4145 trud
773 4090 913 4145 troischeu
930 4089 1127 4158 Heldenkreis,
1145 4087 1233 4157 Atlas,
1250 4088 1372 4141 XXXIX

251 4175 296 4228 Nr.
311 4180 350 4242 14,
368 4175 488 4245 Eehhel,
509 4176 596 4231 choix
614 4178 649 4231 de
667 4176 771 4245 pierres
790 4176 906 4246 graveas
927 4177 964 4231 du
982 4175 1096 4232 Cabiuet
1117 4176 1152 4229 de
1170 4174 1372 4241 l'Empereurd

251 4259 358 4315 Vieuue
375 4261 413 4329 pl.
426 4265 466 4316 21.
508 4264 530 4330 ²)
549 4260 589 4317 ef.
603 4262 704 4333 Caylns
717 4262 733 4317 l.
747 4280 769 4317 c.
787 4262 828 4316 lll
846 4263 882 4332 pl.
896 4268 936 4317 39.
962 4262 1072 4330 Bellori,
1089 4263 1128 4317 Le
1140 4259 1248 4315 antiche
1260 4259 1371 4314 lucerne

253 4345 398 4414 sepolcrali
416 4346 532 4416 figurate
545 4347 571 4401 Il
589 4352 644 4402 tau.
657 4354 698 4402 lo.
745 4350 767 4414 8)
785 4349 850 4403 Vid.
863 4349 978 4417 Robert,
995 4347 1059 4401 Bild
1077 4346 1134 4401 nud
1152 4345 1219 4400 Lied
1237 4362 1264 4413 p.
1279 4349 1371 4399 tlbss.

252 4430 275 4499 ΙΙ)
295 4428 335 4486 Of.
354 4432 468 4495 Robert,
488 4432 769 4502 Sarhophag·Reliefs
781 4434 816 4503 ll,
835 4435 889 4488 tab.
902 4434 964 4490 LIV
982 4434 1027 4488 Nr.
1043 4436 1182 4499 155-160,
1200 4448 1228 4500 p.
1240 4434 1330 4483 168ss.
