3384 5100
363 396 402 452 14

362 563 399 623 ad
426 565 620 640 tleschyleam
645 566 828 643 tragoediam
854 566 1045 628 referendum
1069 586 1127 627 uon
1152 585 1218 627 esse
1241 567 1392 627 Robertus
1424 585 1486 628 mo·

361 669 426 726 uult
449 665 765 746 (SarkopbagReliefs
781 670 811 728 II
834 689 862 747 p.
876 672 937 742 61).

446 892 493 951 Ad
521 885 680 967 Sphingem
713 890 842 950 fabulam
874 891 1034 968 satyricam
1065 894 1152 951 acute
1183 892 1298 952 rettulit
1329 889 1484 963 Orusius¹l

359 998 483 1071 paterae
505 996 667 1071 picturam,
697 1012 774 1070 quae
797 994 923 1053 silenum
948 993 1083 1070 exbibet,
1113 995 1163 1070 qul
1187 995 1328 1072 Sphingis
1359 1013 1482 1054 acumen

360 1100 467 1172 tentat,
497 1097 635 1156 vivamne
666 1116 703 1155 an
736 1101 882 1155 mortuam
914 1115 998 1158 avem
1028 1115 1139 1173 rogans
1173 1098 1203 1156 in
1235 1116 1324 1158 mauu
1356 1098 1482 1172 detegat.

358 1199 508 1276 Ambigua
530 1200 666 1258 nimirum
690 1200 825 1275 quaestio
850 1204 904 1271 est,
927 1218 995 1258 nam
1020 1201 1044 1258 si
1060 1199 1175 1276 Sphinx
1198 1204 1343 1260 mortuam
1367 1200 1485 1276 dixerit,

357 1302 473 1362 silenus
495 1303 658 1362 ostentabit
681 1302 793 1378 vivam;
816 1302 986 1374 clurinum,
1009 1301 1235 1379 complectendo
1259 1303 1378 1362 necabit
1398 1321 1483 1362 avem

357 1404 480 1482 silenus,
501 1405 673 1482 priusquam
699 1423 816 1464 manum
839 1405 963 1482 aperiat.

445 1632 582 1690 Transeo
617 1629 655 1689 ad
689 1648 725 1689 ea
758 1633 963 1705 monumenta,
997 1647 1074 1706 quae
1108 1649 1187 1690 nova
1218 1633 1248 1691 et
1277 1631 1417 1706 graviora
1446 1629 1482 1688 de

361 1734 525 1813 deperditis
547 1732 656 1793 fabulis
679 1751 734 1792 uos
750 1732 859 1793 docere
875 1733 1042 1804 videantur,
1065 1732 1101 1792 ad
1118 1733 1330 1793 Prometheum
1346 1732 1482 1809 solutum,

358 1837 396 1898 ad
419 1837 551 1911 Nioben,
580 1836 618 1895 ad
642 1836 833 1913 Lycurgeam
865 1837 1040 1912 spectantia.
1085 1838 1186 1912 Atque
1210 1840 1243 1895 ut
1265 1855 1283 1894 a
1307 1829 1483 1899 Prometheo

358 1942 550 2019 incipiamus,
582 1940 639 1998 iam
671 1937 782 1998 dudum
814 1944 932 1999 constat
953 1945 983 1998 et
1005 1959 1024 1998 a
1047 1935 1293 2009 Milcbhoefero²l
1316 1939 1483 1999 luculenter

357 2045 524 2120 expositum
549 2046 595 2102 est
617 2042 716 2102 omnia
739 2060 774 2100 ea
796 2045 988 2102 monumenta
1010 2060 1087 2119 quae
1110 2042 1320 2101 Prometheum
1344 2041 1383 2101 ad
1406 2041 1482 2102 Cau·

358 2165 457 2207 casum
473 2147 604 2205 vinctum
621 2144 835 2222 demonstrant,
858 2163 895 2204 ex
909 2144 1053 2221 Aeschyli
1073 2144 1228 2220 tragoedia
1250 2144 1392 2220 pendere,
1415 2162 1481 2203 cum

357 2253 427 2310 aute
471 2267 535 2309 eam
572 2248 767 2309 Prometheus
811 2246 850 2306 ad
887 2249 988 2324 palum
1027 2249 1147 2306 vinctus
1190 2247 1323 2307 Hesiodo
1359 2250 1482 2306 auctore

358 2353 456 2413 dictus
478 2357 568 2430 atque
590 2352 647 2411 hoc
671 2351 757 2411 modo
779 2351 810 2410 iu
833 2350 1051 2428 antiquioribus
1066 2352 1147 2410 vasis
1169 2350 1267 2428 pictus
1286 2344 1357 2425 sit.³)
1396 2350 1481 2411 Gom·

359 2475 488 2517 memoro
511 2456 646 2516 Panaeui
675 2457 704 2514 in
735 2455 846 2533 templo
870 2455 953 2514 Jovis
976 2453 1106 2530 Olympii
1130 2455 1278 2530 picturam
1302 2454 1480 2522 (Pausan.V

359 2566 407 2637 11,
423 2563 462 2633 6),
486 2579 544 2637 quo
568 2560 680 2619 nullum
702 2561 800 2618 exstat
816 2559 969 2635 antiquius
984 2557 1161 2635 exemplum,
1183 2562 1295 2634 quauta
1310 2558 1481 2633 Aeschylus

358 2663 539 2725 auctoritate
561 2664 590 2721 in
614 2661 744 2721 artifices
766 2660 869 2737 fucrit3
892 2661 1000 2721 deinde
1021 2663 1099 2720 iuter
1115 2679 1151 2720 ea
1167 2678 1244 2736 quae
1262 2659 1347 2719 uobis
1363 2664 1483 2719 servata

357 2771 427 2829 sunt
450 2769 641 2826 monumenta
663 2764 815 2841 egregium
840 2764 915 2823 illud
940 2782 1015 2840 opus
1038 2781 1236 2823 marmoreum
1259 2764 1289 2822 iu
1315 2781 1388 2834 arce
1411 2764 1481 2821 Per·

356 2890 550 2950 gamenorum
574 2872 701 2941 erutum,
732 2868 863 2944 parietes
886 2868 1096 2944 Pompeianos,
1125 2867 1328 2945 sarcophagos
1351 2866 1481 2942 denique

356 2976 516 3035 Romanos.
571 2975 611 3033 At
644 2972 737 3032 multo
771 2972 918 3047 ampliora
952 2977 983 3030 et
1016 2971 1156 3048 graviora
1192 2969 1385 3047 suppeditant
1421 2969 1480 3029 duo

356 3078 476 3157 specula
495 3074 655 3145 Htrusca.⁴)
693 3074 827 3133 Alterum
843 3074 1054 3135 Prometheum
1071 3074 1203 3132 vinctum
1226 3074 1304 3131 iuter
1320 3073 1479 3132 Herculem

357 3186 387 3242 et
409 3180 579 3258 Apollinem
601 3177 734 3245 exbibet3
765 3178 906 3250 alterum,
937 3177 1017 3253 quod
1049 3177 1142 3237 multo
1172 3176 1386 3252 elegantiorem
1409 3194 1482 3253 prae

356 3303 389 3345 se
423 3284 481 3343 fert
514 3284 628 3353 stilum,
666 3281 794 3340 solutum
829 3298 896 3339 cum
930 3280 1063 3339 Hercule
1097 3283 1127 3339 et
1161 3279 1283 3339 Castore
1318 3278 1480 3354 coniungit.

356 3388 563 3463 Prometheus,
585 3385 636 3461 qui
657 3384 747 3443 salice
771 3386 934 3442 coronatus
957 3387 1011 3458 est,
1033 3382 1154 3442 anulum
1177 3400 1196 3439 a
1218 3381 1341 3442 Castore
1363 3380 1481 3456 accipit.

356 3490 466 3566 Aquila
494 3487 611 3548 deiecta
641 3492 710 3546 aute
733 3486 873 3547 Herculis
904 3484 998 3562 pedes
1028 3486 1115 3544 iacet.
1158 3485 1289 3544 Nomina
1318 3482 1480 3559 figurarum

358 3595 388 3653 iu
412 3594 538 3669 utroque
561 3591 686 3669 speculo
709 3589 863 3665 adscripta
891 3592 969 3647 suut.
1015 3588 1099 3661 Quae
1132 3589 1323 3647 monumenta
1353 3605 1385 3645 re
1408 3604 1481 3645 vera

357 3693 394 3754 ad
429 3695 573 3769 Aeschyli
606 3693 815 3754 Prometheum
850 3691 980 3752 solutum
1016 3690 1173 3751 referenda
1207 3708 1272 3751 esse
1306 3689 1480 3766 priusquam

356 3799 521 3875 ostendam,
543 3797 688 3858 nonnulla
710 3814 787 3871 quae
811 3793 935 3854 aliunde
958 3792 996 3854 de
1019 3794 1075 3853 hac
1097 3794 1201 3853 fabula
1224 3797 1376 3870 compertu
1393 3793 1481 3853 babe-

357 3921 428 3975 mus,
451 3902 582 3963 breviter
605 3897 797 3977 percensebo.

442 4136 463 4203 ¹)
482 4132 734 4189 commentationes
751 4130 780 4185 iu
797 4129 931 4184 bonorem
948 4128 1064 4183 Joauuis
1083 4127 1239 4183 Overbecki
1255 4144 1282 4197 p.
1298 4132 1345 4182 102
1359 4144 1397 4183 ss.

356 4222 377 4292 ²)
395 4221 518 4277 Berliner
536 4219 921 4286 Winckelmauusprogramm
949 4219 1024 4269 1882.
1094 4216 1117 4281 ³)
1141 4213 1197 4267 vid.
1224 4213 1332 4269 Hubert
1359 4211 1482 4269 Schmidt

357 4307 573 4364 Observationes
591 4304 812 4373 archaeologicae
829 4301 859 4355 iu
876 4302 995 4356 carmina
1006 4299 1154 4355 Hesiodea.
1181 4299 1254 4354 Diss.
1269 4298 1332 4367 phil.
1345 4298 1405 4354 Hul.
1418 4297 1479 4352 ΧΗ.

357 4398 380 4465 ⁴)
397 4390 621 4463 Vorlegebl'aitter
638 4392 664 4447 D
676 4390 702 4445 X
714 4395 739 4461 4,
749 4395 773 4443 5.
