3384 5100
1299 439 1339 498 31

217 607 312 686 Regia
341 628 407 670 cnm
439 607 496 670 iam
527 613 597 670 ante
623 607 738 669 initium
767 607 887 668 fabulae
916 609 999 668 Jovis
1029 601 1155 668 fulmine
1186 608 1341 668 combusta

218 717 306 791 esset,
320 711 421 773 fabula
435 713 500 773 sine
513 730 631 787 scaena,
646 711 665 771 i.
677 731 702 772 e.
717 711 784 771 sine
800 711 888 771 domo
906 709 937 770 in
955 711 1058 771 ultima
1070 716 1156 788 parte
1168 711 1340 771 orchestrae

218 819 318 876 erecta
333 819 400 875 acta
415 818 468 875 est.
512 815 612 874 Locos
628 815 743 875 tomulo
759 813 958 890 indicabatur,
980 814 1119 891 sepulcro
1135 812 1340 886 Niobidarum,

218 918 299 995 quod
323 918 448 978 mediam
472 917 655 978 orchestram
679 917 849 993 occupavit,
877 917 959 976 velut
985 916 1068 976 collis
1090 915 1119 975 in
1143 915 1340 993 Supplicibns,

218 1021 352 1081 tumulus
368 1020 457 1080 Darei
474 1020 502 1080 in
518 1020 628 1094 Persis,
642 1019 789 1080 Cadmeae
804 1019 919 1096 species
934 1020 964 1078 in
977 1017 1105 1095 Septem,
1124 1019 1207 1096 rupis
1222 1019 1252 1078 in
1268 1020 1341 1078 Pro·

217 1124 349 1202 metheo‚
379 1123 486 1200 quibus
517 1121 554 1182 de
585 1122 674 1182 rebus
704 1140 817 1181 summo
846 1139 914 1181 cnm
940 1119 1041 1182 fructu
1065 1121 1227 1197 disputavit
1250 1122 1341 1182 Wila·

218 1226 383 1286 mowitzius
407 1227 436 1285 in
459 1224 635 1285 admiranda
658 1224 694 1284 dc
711 1242 820 1284 scaena
836 1223 1005 1299 Aeschyleo
1021 1223 1238 1284 dissertatione.
1269 1225 1340 1284 Pro·

217 1329 287 1405 logo
317 1327 448 1388 fabulam
478 1328 608 1388 carnisse
631 1326 770 1386 affirmari
794 1326 879 1395 licct;
909 1345 976 1385 nam
1003 1319 1122 1386 Nioben
1152 1344 1205 1404 per
1233 1327 1340 1386 trinam

216 1431 392 1507 tragoediae
417 1436 531 1507 partem
555 1430 684 1490 tacuisse
707 1433 838 1501 constat,
862 1430 929 1507 quis
953 1448 1024 1488 vero
1049 1448 1148 1489 coram
1167 1429 1219 1488 illa
1241 1431 1340 1507 prolo-

217 1552 287 1610 gum
317 1534 417 1594 dicere
451 1534 582 1610 potuerit
615 1531 746 1608 intellegi
780 1533 892 1608 nequit.
941 1533 1047 1609 ltaque
1073 1551 1091 1591 a
1117 1532 1199 1592 chori
1227 1532 1340 1609 paredo

219 1634 322 1696 fabula
344 1636 462 1713 incepit,
484 1639 516 1696 nt
532 1635 687 1712 Supplices
703 1639 733 1694 et
747 1635 869 1694 Persae.
912 1635 1052 1711 Denique
1074 1635 1098 1694 si
1115 1634 1202 1694 modo
1218 1635 1246 1693 in
1264 1653 1341 1695 com·

217 1740 364 1815 positione
387 1736 573 1798 restituenda
596 1755 699 1796 verum
716 1736 861 1812 videmus,
885 1756 903 1795 a
926 1736 1044 1796 duobus
1066 1737 1219 1796 actoribus
1240 1736 1343 1797 fabula

217 1842 266 1918 agi
289 1845 420 1918 poterat,
443 1859 570 1918 quornm
595 1839 670 1900 alter
692 1839 807 1898 Niobae
838 1839 914 1898 alter
941 1838 1091 1916 Antiopae
1113 1840 1235 1900 Tantali
1265 1841 1341 1900 Mer·

219 1943 294 2003 cnrii
314 1947 414 2020 partes
437 1943 554 2021 agebat.

330 4338 403 4393 Tota
420 4338 614 4393 commentatio
632 4338 660 4391 in
678 4334 900 4391 dissertationum
920 4332 1080 4388 Halenaium
1097 4332 1161 4388 Vol.
1172 4331 1241 4387 XIII

581 4423 655 4491 apud
672 4423 864 4491 Niemeyerum
883 4420 986 4475 edetur.
